3300 5142
759 338 994 453 ..rao-

60 595 84 650 s)
94 599 270 652 terraedrserir·
360 582 459 661 Quod
475 588 513 648 ut
528 587 752 670 perpetremus
775 598 908 646 necesse
925 587 984 660 est,
1001 581 1044 646 ab
1059 581 1117 647 illa
1131 581 1246 668 populi
1260 581 1492 647 distributione

147 653 188 694 m
272 689 536 776 proficiscamur,
570 707 656 774 quas
679 686 837 753 domicilii
867 688 1030 754 rationem
1061 688 1215 760 habebat.
1262 689 1313 753 Ac
1345 687 1491 754 vidimus

272 795 316 862 ad
338 787 401 862 t'ria
423 796 481 861 illa
503 795 642 880 antiqua
664 793 786 881 oppida
808 794 1006 882 pertinuisse
1032 810 1211 860 numerum
1239 793 1409 880 quendam
1435 815 1490 881 pa-

271 924 406 988 gorum,
440 903 499 988 qui
529 905 620 988 δᾶμοι
650 907 690 966 ut
720 899 811 986 apud
842 901 969 967 Atticos
998 901 1155 987 appellati
1186 923 1265 967 cum
1289 922 1491 987 unoquoque

271 1010 405 1075 illorum
428 1008 626 1095 oppidorum
649 1011 788 1095 οὑστημα
811 1007 1006 1075 efficiebant
1053 1008 1317 1075 Verumtamen
1339 1031 1382 1073 ex
1404 1030 1491 1073 com·

271 1116 423 1202 pluribus
445 1115 716 1202 inscriptionibus
748 1123 885 1201 apparet
913 1121 1017 1180 totam
1049 1136 1125 1180 eam
1147 1115 1337 1180 societatem
1358 1120 1490 1179 tantum

226 1213 229 1232 ¹
272 1243 441 1288 sacrorum
473 1222 712 1287 communitate
740 1221 933 1288 constitisse.
955 1279 957 1284 .
981 1221 1091 1299 Quare
1122 1221 1198 1306 quis
1227 1242 1297 1286 non
1322 1219 1492 1304 intellegat

272 1349 346 1394 eam
378 1327 606 1394 condicionem
638 1327 723 1402 nihil
754 1327 819 1394 nisi
849 1327 1016 1394 residuam
1048 1328 1215 1393 continere
1242 1327 1313 1392 eius
1335 1327 1491 1412 temporis

272 1435 476 1514 memoriam,
509 1455 576 1520 quo
608 1441 718 1500 vetera
749 1433 806 1499 illa
838 1433 959 1520 oppida
989 1434 1041 1500 sui
1063 1434 1144 1500 iuris
1167 1439 1269 1499 erant.
1317 1431 1490 1510 Quantum

272 1541 363 1606 enim
386 1540 503 1605 Graeci
530 1539 571 1606 de
598 1539 759 1605 institutis
786 1561 865 1606 cum
892 1541 993 1606 sacris
1022 1539 1274 1606 cohaerentibus
1304 1539 1490 1625 quidquam

271 1648 449 1712 immutare
465 1646 532 1711 sint
545 1646 649 1725 veriti,
667 1646 703 1712 in
719 1643 787 1724 dies
803 1646 900 1732 plura
914 1666 1000 1731 quae
1018 1646 1257 1752 demonstrant,
1273 1645 1491 1712 inveniuntur

271 1753 431 1840 exempla.
458 1753 581 1818 Contra
602 1752 813 1839 publicarum
836 1773 947 1818 rerum
969 1753 1234 1838 procurationem
1250 1752 1403 1818 omnium
1421 1753 1490 1818 sive

271 1861 307 1926 in
330 1848 504 1945 disciplina
527 1859 661 1924 militari
685 1859 753 1924 sive
776 1858 811 1923 in
834 1880 870 1924 re
889 1856 1061 1925 iudiciaria
1083 1859 1203 1926 sivein
1218 1858 1290 1924 aliis
1312 1859 1491 1924 liberarum

271 1965 407 2031 urbium
441 1963 781 2031 administrandarum
815 1965 930 2032 formis
963 1965 1146 2051 positarum
1179 1965 1217 2030 in
1253 1971 1354 2051 caput
1390 1966 1492 2030 fuisse

271 2057 471 2138 translatum
503 2071 617 2137 elucet.
664 2070 740 2137 Hoc
771 2077 884 2137 autem
907 2072 1053 2136 maxime
1083 2092 1122 2136 eo
1145 2071 1369 2149 confirmatur,
1402 2069 1491 2157 quod

271 2179 344 2264 ipsa
365 2177 446 2244 urbs
469 2177 608 2256 Lindus,
633 2178 695 2244 etsi
716 2184 890 2263 tamquam
913 2177 1002 2243 illius
1025 2177 1189 2244 societatis
1208 2184 1309 2264 caput
1323 2177 1491 2243 interdum

272 2288 359 2358 πόλις
381 2285 417 2350 in
440 2284 709 2370 inscriptionibus
732 2285 934 2364 nominatur,
958 2291 1080 2364 tamen,
1105 2285 1165 2350 ubi
1186 2285 1269 2352 ratio
1286 2307 1364 2351 oum
1387 2285 1492 2372 capite

270 2390 476 2478 intercedens
504 2392 690 2476 respicitur,
720 2389 736 2455 ὁ
765 2383 863 2486 dapar
892 2387 1151 2457 ὁΛινδοπολιτᾶν
1173 2398 1318 2458 vocatur.
1364 2392 1490 2458 Verum

271 2518 341 2562 non
373 2496 482 2562 solum
511 2517 613 2583 pagos
637 2504 669 2562 et
691 2497 864 2583 oppidula,
898 2518 984 2582 quae
1011 2497 1046 2561 in
1073 2497 1146 2584 ipsa
1168 2498 1279 2564 insula
1301 2505 1395 2563 erant
1417 2500 1489 2579 sita,

271 2601 330 2668 sed
352 2603 453 2668 etiam
474 2605 700 2689 proximarum
724 2603 910 2669 insularum
927 2610 959 2669 et
974 2604 1113 2670 Peraeae
1129 2605 1218 2672 vicos
1232 2605 1269 2670 in
1284 2604 1491 2672 Rhodiorum

271 2710 445 2778 demorum
460 2731 639 2775 numerum
653 2709 754 2775 fuisse
768 2716 916 2796 receptos
931 2709 1240 2777 demonstravimus.
1269 2710 1361 2788 Quos
1377 2709 1491 2776 domos

269 2817 420 2883 tribuum
442 2815 588 2901 quodam
611 2837 751 2882 numero
766 2837 837 2882 esse
853 2816 1105 2902 comprehensos
1120 2817 1182 2882 etsi
1196 2823 1379 2883 ceterarum
1395 2817 1491 2882 Grae-

271 2943 386 2988 carum
418 2922 589 2988 civitatum
624 2924 774 3008 exemplo
807 2923 1111 3009 exploratissimum
1139 2931 1201 3005 est,
1235 2931 1350 2990 tamen
1381 2923 1425 2989 ad
1455 2923 1490 2988 id

270 3029 428 3114 temporis
452 3028 544 3094 nullo
560 3028 691 3094 Rhodio
713 3028 810 3094 titulo
834 3028 1007 3096 indicatur.
1040 3029 1134 3106 Quae
1156 3037 1271 3096 tamen
1285 3030 1399 3116 aliqua
1413 3051 1490 3096 cum

271 3135 504 3222 probabilitate
537 3135 577 3200 de
609 3156 647 3200 ea
677 3135 869 3220 quaestione
903 3137 1009 3201 conici
1031 3142 1184 3222 possunt,
1215 3135 1488 3203 Bottermundius

207 3229 210 3235 ¹
271 3263 302 3327 p.
324 3243 362 3307 11
387 3241 532 3326 protulit.

60 3357 85 3420 t>
98 3369 206 3432 genuus
220 3365 265 3411 ‹us-
363 3347 436 3413 lam
459 3346 503 3427 ad
519 3346 746 3413 difficillimam
762 3346 855 3412 illam
871 3348 1099 3433 quaestionem
1114 3347 1156 3414 de
1171 3349 1288 3415 ctoinis
1303 3348 1489 3414 institutam

114 3422 217 3464 mlum
275 3452 401 3540 delapsi
431 3475 557 3519 sumus.
614 3454 721 3542 Supra
752 3457 842 3521 enim
874 3464 1053 3544 postquam
1083 3458 1228 3525 vidimus
1262 3456 1388 3522 ctoinas
1421 3475 1490 3519 non

273 3583 379 3647 genus
395 3561 564 3647 quoddam
581 3561 794 3642 coloniarum,
812 3563 871 3628 sed
885 3565 986 3630 totius
1003 3565 1143 3631 civitatis
1159 3571 1327 3649 terraeque
1341 3568 1491 3629 veterum

273 3667 405 3733 illorum
429 3669 660 3734 communium
683 3669 879 3736 divisionem
894 3679 1163 3756 repraesentasse,
1188 3671 1228 3736 de
1250 3669 1385 3742 ratione,
1405 3688 1492 3754 quae

274 3775 426 3839 intereas
439 3781 471 3838 et
482 3773 595 3840 demos
607 3776 706 3841 fuerit
718 3777 907 3857 constituta,
920 3777 1111 3843 distulimus
1122 3776 1296 3861 inquirere.
1308 3774 1437 3840 Verum
1451 3795 1491 3838 ex

275 3881 314 3946 iis
337 3880 426 3966 ipsis,
452 3902 537 3967 quae
560 3903 660 3967 supra
683 3883 906 3968 exposuimus
931 3883 1076 3962 maxime
1099 3905 1141 3948 ex
1162 3881 1323 3968 Hesychii
1338 3881 1490 3966 interpre-

276 3987 399 4052 tatione
422 3988 518 4074 δῆμος
542 3995 759 4074 μεμερισμένος
781 3989 867 4054 clare
889 3989 975 4056 effici
995 3995 1112 4075 potest,
1137 4009 1211 4053 eam
1231 3988 1428 4056 divisionem
1446 3983 1493 4052 illi

267 4091 334 4179 'per
356 4093 470 4158 demos
494 4094 600 4159 factae
623 4094 723 4162 fuisse
747 4095 961 4160 subiunctam
984 4104 1017 4161 et
1038 4096 1234 4160 inferiorem.
1275 4094 1340 4160 Sed
1358 4093 1492 4179 propius

251 4255 253 4260 .
276 4197 320 4263 ad
336 4198 608 4284 cognoscendam
631 4222 705 4266 eam
728 4201 891 4268 rationem
913 4201 1133 4281 adducemur,
1167 4201 1195 4266 si
1217 4201 1369 4266 animum
1392 4199 1436 4268 ad
1457 4198 1493 4262 id

275 4305 529 4384 intenderimus,
559 4327 662 4389 quam
691 4314 759 4372 arte
786 4307 843 4372 illa
870 4308 1033 4372 institutio
1065 4308 1246 4374 cohaeserit
1276 4328 1354 4372 cum
1382 4305 1491 4370 sacris.

277 4411 572 4478 Considerantibus
605 4413 693 4478 enim
725 4414 821 4480 nobis
855 4414 1056 4499 singularem
1078 4416 1179 4480 trium
1202 4413 1335 4478 illarum
1357 4411 1492 4477 urbium

279 4539 448 4584 sacrorum
479 4540 607 4599 curam,
641 4541 708 4605 qua
739 4520 849 4600 fiebat,
883 4527 921 4586 ut
953 4522 1144 4606 quicunque
1177 4541 1247 4584 non
1279 4539 1296 4586 e
1327 4517 1493 4583 veteribus
1543 4601 1546 4605 .
