3300 5142
650 399 693 410 -
737 362 779 425 41
821 369 878 428 ’-.

149 556 192 623 ad
215 557 392 643 Cyzicenos
415 557 556 623 missum
571 553 620 643 (Ο.
644 558 672 622 Ι.
699 557 738 622 G.
763 553 871 642 36116),
895 555 1209 621 Boeckhio-auctore
1223 554 1369 620 secundo

148 686 177 729 6.
204 664 262 728 Oh.
287 685 319 728 n.
345 661 476 739 saeculo
503 663 561 728 vix
588 662 747 747 66661166,
773 661 903 727 decreta
929 661 973 726 ad
1004 662 1187 728 Iasensium
1221 660 1369 746 querelas

149 769 331 856 spectantia
353 766 410 854 (Le
432 770 501 834 Bes
516 791 581 853 noy.
606 770 690 834 arch.
715 789 748 833 6.
766 769 852 847 261),
877 789 962 853 6666
979 769 1065 835 16161
1088 789 1193 833 66666
1220 770 1370 833 let—70

148 881 282 942 exarata
315 895 385 941 esse
416 873 698 960 Waddingtonius
732 873 828 943 certis
859 874 1064 960 argumentis
1097 873 1264 960 probavit,
1302 895 1370 960 pse-

146 981 280 1067 phisma
303 980 344 1046 dc
367 979 541 1047 vendendo
565 979 636 1046 oleo
659 982 686 1045 b.
709 981 739 1046 11.
756 978 833 1059 VH,
857 1003 889 1066 6,
914 982 955 1046 97
980 980 1116 1060 editum,
1141 980 1284 1065 denique
1306 978 1369 1066 ple·

147 1087 305 1152 biscitum
321 1089 349 1170 j.
374 1088 411 1169 of
427 1088 456 1152 11.
480 1093 519 1152 st.
542 1087 585 1166 H,
609 1108 640 1172 p.
666 1087 731 1151 356
753 1085 1012 1172 promulgatum,
1037 1085 1078 1151 de
1104 1108 1172 1171 quo
1197 1109 1230 1173 p.
1255 1088 1298 1152 20
1321 1108 1368 1171 sq.

149 1192 401 1279 disputavimus.
438 1192 479 1258 In
494 1192 617 1277 quibus
640 1177 744 1257 titulis
767 1191 852 1256 illud
868 1210 947 1258 sane
962 1192 1107 1257 notabile
1121 1193 1261 1272 videtur,
1281 1193 1370 1278 quod

147 1299 184 1364 in
211 1299 349 1364 nullius*
363 1298 478 1384 capite,
507 1299 651 1385 exceptis
668 1297 825 1386 secundo
849 1297 978 1364 decreto
1007 1298 1126 1385 lapidis
1153 1320 1173 1364 a
1199 1300 1246 1365 Le
1273 1300 1371 1364 Basio

148 1405 227 1472 editi
250 1411 282 1472 et
305 1404 435 1472 duobus
452 1405 672 1470 marmoribus
688 1405 806 1470 ultimo
829 1403 901 1470 loco
916 1405 1061 1491 prolatis,
1078 1412 1213 1472 senatus
1228 1405 1370 1485 additur,

148 1512 206 1580 sed
229 1512 337 1578 solum
359 1511 480 1598 legitur
503 1512 589 1587 ἔδοξε
613 1524 654 1597 τῳ
678 1514 775 1598 δάμῳ.
823 1511 914 1588 Quid
937 1513 1036 1598 ergo?
1080 1512 1204 1578 Utrum
1227 1512 1270 1577 ob
1298 1533 1371 1577 eam

146 1641 227 1700 rem,
252 1619 342 1705 quod
357 1626 493 1685 senatus
508 1641 576 1684 non
594 1624 881 1698 commemoratur,
898 1625 1032 1684 auctam
1047 1620 1162 1706 populi
1176 1625 1372 1706 potestatam
1485 1611 1489 1617 ’

147 1727 326 1812 significari
348 1746 393 1792 611
416 1726 512 1811 quasi
535 1726 741 1792 decurtatam
767 1726 868 1790 illam·
890 1726 1068 1792 formulam
1096 1747 1166 1793 esse
1194 1726 1371 1813 putemus?

149 1833 194 1898 At
215 1833 269 1898 vel
291 1855 333 1898 ex
359 1832 482 1898 verbis:
508 1833 538 1896 οἳ
646 1833 778 1914 διέλεγον
810 1830 993 1905 ἐπελθόντες
1022 1831 1070 1896 ἐπὶ
1096 1837 1149 1899 τὰν
1178 1836 1290 1918 βουλάν
1319 1836 1372 1895 καὶ

152 1943 205 2004 τάν
228 1937 404 2024 ἐκκλησίαν,
430 1939 573 2023 666616
596 1938 692 2004 111616
719 1938 754 2007 0.
777 1940 806 2004 Ι.
833 1940 977 2004 613666
1000 1945 1033 2004 et
1054 1939 1146 2025 apud
1167 1939 1214 2004 Le
1235 1939 1372 2005 Basium

141 2041 184 2109 Ι6.
211 2046 273 2110 261
298 2045 463 2131 legrmtur,
488 2065 591 2130 66616
614 2051 749 2112 6666166
771 2065 882 2110 rerum
905 2044 1116 2130 publicarum
1142 2044 1373 2110 administran-

153 2149 272 2216 darum
295 2171 410 2237 expers
432 2173 502 2217 non
524 2151 623 2217 fuerit
645 2151 884 2236 cognoscimus.
930 2153 1049 2237 116666
1074 2151 1160 2216 nihil
1186 2158 1307 2217 restare
1332 2153 1374 2217 vi-

153 2257 257 2338 detur,
290 2279 393 2344 66616
420 2265 459 2323 61
486 2258 527 2323 de
554 2258 723 2324 decurtata
751 2258 894 2324 dictione
921 2259 1112 2344 cogitemus.
1160 2257 1235 2334 Qua
1261 2266 1375 2323 autem

152 2365 277 2430 ratione
299 2365 406 2451 ipsam
429 2387 504 2430 eam
526 2365 666 2430 usitatae
689 2365 850 2430 formulae
869 2365 1128 2431 contractionem
1151 2364 1374 2450 explicemus?

241 2470 433 2537 Secundum
454 2470 543 2537 illius
558 2471 700 2536 Iasensis
715 2471 804 2538 tituli
819 2471 998 2551 decretum,
1020 2469 1303 2557 quemadmodum
1323 2492 1374 2535 res

152 2599 186 2644 se
208 2579 330 2644 habeat
353 2578 438 2644 61616
462 2578 687 2644 demonstrare
715 2578 798 2644 mihi
821 2579 960 2645 videtur.
996 2578 1085 2642 Nam
1108 2599 1186 2643 cum
1208 2578 1245 2641 16
1266 2578 1373 2663 611166

152 2691 185 2749 61
206 2685 301 2750 161116
324 2685 456 2752 illorum
479 2685 636 2751 scitorum
660 2685 745 2760 ἔδοξε
768 2697 810 2770 τῷ
838 2689 925 2772 δάμῳ
948 2685 1146 2769 inveniatur,
1170 2683 1375 2750 insecundo

153 2797 275 2880 661616Ι
293 2791 378 2864 ἔδοξε
411 2804 449 2876 τᾷ
481 2795 577 2877 poelt}
608 2795 661 2858 καὶ
693 2803 734 2876 τῷ
764 2794 852 2878 δάμῳ
880 2797 1040 2870 66661161,
1067 2790 1103 2855 111
1129 2797 1189 2856 661
1214 2790 1375 2876 lapicidae

153 2917 258 2960 errore
281 2903 339 2960 aut
361 2917 441 2963 casu
462 2897 609 2983 quodam
633 2898 760 2963 factum
787 2919 867 2978 6666,
891 2898 998 2963 habeo
1021 2919 1080 2963 our
1102 2897 1272 2983 denegem.
1318 2897 1374 2962 Ae

153 3002 211 3087 661
239 3001 267 3066 61
293 3001 445 3088 66116616
473 3002 515 3068 ad
543 2987 582 3068 ea
608 3002 821 3082 attendimus,
854 3024 941 3088 quae
972 3003 1037 3069 illis
1065 3003 1102 3067 in
1133 3001 1271 3069 decretis
1301 3025 1374 3069 eon-

153 3107 345 3187 stituuntur,
368 3109 558 3174 invenimus
581 3111 728 3196 primum
751 3110 932 3175 6116111616
955 3109 1145 3197 psephisma
1167 3110 1374 3176 6616666666

152 3220 297 3300 spectare
329 3220 361 3279 et
392 3215 601 3284 Rhodiorum
634 3223 796 3301 tanquam
832 3238 989 3303 responsa
1024 3216 1068 3280 ad
1102 3217 1236 3282 illorum
1268 3217 1372 3302 queri-
1403 3294 1408 3304 ,

153 3320 281 3385 1666166
297 3319 376 3386 data
391 3321 557 3388 continere
571 3319 622 3407 (cf.
636 3344 667 3389 v.
684 3324 723 3390 16
740 3303 967 3406 ἆποκμίνασδαι
982 3320 1085 3397 αὐτοῖς
1102 3321 1146 3387 ὅτι
1162 3320 1179 3386 δ
1192 3325 1290 3408 δᾶμος
1303 3372 1310 3387 .
1323 3322 1372 3409 ..1,

153 3425 338 3491 secundum
360 3427 467 3512 magis
491 3429 533 3493 ad
556 3429 644 3514 ipsos
667 3429 817 3495 Rhodios
844 3429 1012 3514 respicere,
1037 3451 1116 3494 cum
1137 3430 1251 3495 iubeat
1274 3431 1376 3496 creari

154 3531 313 3622 66611666,
337 3524 397 3618 qui
418 3534 608 3600 Iasensibus
631 3535 843 3600 satisfaciant.
889 3535 1021 3602 Titulus
1044 3537 1135 3600 66116
1156 3535 1211 3600 ille
1233 3536 1383 3600 Iasensis·

154 3637 198 3701 ita
221 3645 270 3704 661
292 3645 511 3725 66166616166,
535 3647 574 3705 111
600 3642 712 3707 616616
734 3642 944 3708 Rhodiorum
967 3642 1105 3722 decreta,
1129 3664 1215 3728 6666
1243 3642 1283 3707 de
1306 3643 1375 3728 qui-

154 3743 296 3808 busdam
319 3744 504 3811 Iasensium
526 3747 654 3814 iniuriis
677 3755 771 3813 eraut
793 3750 889 3828 facte,
914 3749 957 3815 ab
980 3749 1060 3836 ipsis
1077 3748 1267 3814 Iasensibus
1290 3770 1374 3814 6616-

153 3850 260 3935 666116
290 3851 555 3937 compreheudat.
607 3854 835 3940 Intellegimus
864 3856 965 3942 igitur
993 3895 1036 3902 —
1063 3855 1096 3920 id
1125 3854 1216 3941 quod
1243 3854 1375 3920 duobus

152 3955 216 4022 illis
240 3956 377 4022 decretis
400 3957 517 4024 ultimo
540 3960 612 4026 loco
635 3963 836 4042 enumeratis
864 3962 1079 4028 confirmatur
1105 4000 1149 4007 —
1176 3963 1212 4027 in
1243 3961 1283 4026 iis
1310 3961 1373 4046 ple·

153 4063 287 4145 1166166,
313 4066 435 4151 quibus
450 4068 593 4154 populus
609 4091 687 4134 cum
702 4070 820 4136 exteris
836 4068 1027 4135 nationibus
1050 4075 1168 4154 ageret,
1193 4067 1374 4134 breviorem

153 4170 244 4236 illam
268 4171 445 4240 formulam
470 4173 554 4248 ἔδοξε
577 4189 618 4262 τῷ
636 4177 723 4262 δάμῳ
746 4197 816 4243 6666
829 4180 1033 4260 6661661661,
1058 4174 1216 4259 quoniam
1236 4174 1375 4240 166616-

156 4278 274 4344 mereio
298 4300 376 4344 6661
400 4281 517 4346 exteris
540 4282 696 4367 gentibus
719 4282 834 4348 habito
857 4303 926 4346 non
948 4281 1126 4346 616166116
1150 4276 1178 4364 (ὁ
1197 4282 1295 4366 δᾶμος
1317 4291 1375 4345 τῶν

157 4377 289 4472 Ῥοδίων)
313 4385 590 4453 considerabatur.
628 4388 781 4466 Quacum
803 4389 930 4453 ratione
952 4385 1037 4451 bene
1059 4385 1209 4471 quadrat,
1234 4385 1325 4470 quod
1340 4385 1377 4450 in

157 4494 339 4558 statuerunt
362 4493 660 4581 subscriptionibus
684 4495 726 4560 ad
742 4501 930 4562 exterorum
945 4493 1121 4559 hominum
1136 4491 1271 4556 laudem
1290 4511 1375 4555 com·
