3300 5142
763 408 984 472 „38-

246 606 406 712 φαίνηται
435 603 674 687 εόχάρτστος...
690 603 905 686 ,κυρωθέντος
928 601 1015 666 τοῦδε
1039 611 1090 668 τοῦ
1114 605 1308 688 ψαρίσματος
1337 602 1490 688 δεδόχθαι

264 718 304 790 τῳ
329 705 450 793 δάμῳ
440 712 644 772 eccistam..
663 706 800 781 ,ἐξέστω
825 710 859 772 δὲ
878 705 1061 796 Μηνοκρίτῳ
1085 711 1138 772 καὶ
1161 707 1206 781 εἰς
1228 712 1284 780 τὰς
1306 709 1490 790 παναγόρεῑς

263 816 486 896 παραγίνεσθαι
511 861 517 876 .
597 861 630 877 ..
660 818 804 900 μετὰὲ
772 813 804 878 δὲ
837 819 890 880 τὰν
922 817 1051 900 πόρωσιν
1085 816 1172 879 τοῦδε
1206 824 1258 878 τοῦ
1294 818 1489 900 ψαρὶσματος

264 915 430 983 creseat
459 920 555 1006 δᾶμος
587 919 698 1006 ἄνδρα,
721 917 743 984 ’ὁ
774 923 807 984 δὲ
841 921 977 1006 αἱρεθεὶς
1006 919 1189 1006 αἰτησάσθω
1217 919 1247 984 ἐν
1275 933 1316 1004 τῳ
1341 911 1489 1004 σ’όμπαντι

264 1025 351 1109 δάμῳ
368 1029 421 1089 τὰν
438 1024 518 1090 δόσιν
542 1035 593 1090 τοῦ
610 1033 759 1113 στεφάνου
773 1031 828 1091 καὶ
843 1024 919 1091 ὥστε
936 1025 1100 1114 ἀναθὲμειν
1124 1024 1169 1099 εἷς
1191 1028 1225 1090 τό
1249 1022 1328 1111 ἱερὸν
1351 1035 1402 1090 τοῦ
1421 1024 1487 1090 Ilo-

264 1130 398 1202 τετδᾱνος
421 1140 472 1195 τοῦ
497 1130 658 1218 Πορθμίοο
682 1135 795 1198 στάλαν
818 1133 938 1198 λιθίνων
962 1181 1048 1197 ....
1071 1134 1196 1198 Iterum
1222 1131 1374 1217 homines
1398 1131 1486 1198 docti

206 1252 208 1266 ¹
264 1235 954 1320 Wescherus,Newtonius,Beaudouinius,
967 1236 1484 1326 Dittenbergerusceusentiilam

172 1370 177 1380 ·
264 1347 392 1428 κόρωοιν
402 1343 438 1407 in
453 1363 491 1408 eo
501 1343 602 1410 fuisse
613 1345 765 1431 positam,
779 1351 818 1410 ut
830 1344 999 1411 decretum
1014 1345 1103 1410 demi
1113 1343 1372 1430 Brycuntiorum
1383 1343 1487 1409 totius

263 1449 406 1516 civitatis
435 1451 503 1517 sive
527 1449 780 1538 Carpathiornm
804 1453 873 1518 sive
896 1452 1104 1517 Rhodiorum
1126 1451 1292 1537 suffragiis
1314 1450 1486 1516 confirma·

263 1562 360 1621 retur.
408 1556 472 1621 Sed
500 1558 604 1643 ipsius
629 1558 851 1644 inscriptionis
873 1559 975 1624 verba
1001 1563 1078 1645 μετὰ
1103 1560 1137 1622 δὲ
1163 1563 1215 1623 τάν
1245 1561 1374 1641 κόρωοιν
1397 1559 1485 1623 τοῦδε
1514 1606 1520 1620 ,

262 1674 313 1728 τοῦ
337 1667 530 1749 ψαρὶσματος
554 1662 676 1730 ἑλέσθω
707 1662 723 1728 ό
748 1667 855 1752 δᾶμος·
870 1672 929 1731 etc.
964 1664 1143 1730 clarissime
1165 1662 1355 1742 ostendunt,
1380 1665 1485 1748 prius·

262 1791 364 1854 quam
393 1775 481 1835 totus
508 1771 653 1856 populus
676 1771 869 1838 concederet
891 1777 945 1837 τὰν
969 1773 1050 1838 δόσιν
1072 1782 1124 1837 τοῦ
1153 1777 1301 1858 οτεράνοο
1326 1771 1380 1835 καὶ
1406 1769 1485 1836 ὥστε

261 1876 425 1962 ἀναθέμειν
453 1879 576 1953 στάλαν,
600 1878 665 1943 alia
688 1867 791 1946 fuisse
814 1899 898 1964 opus
921 1879 1100 1944 sanctione.
1135 1877 1235 1943 Unde
1258 1869 1368 1942 denuo
1391 1876 1486 1942 vides

260 2003 363 2068 quam
385 2003 535 2068 perverse
557 1984 709 2050 homines
733 1985 821 2051 docti
837 1985 1013 2051 statuerint
1026 1984 1062 2049 in
1078 1984 1300 2049 Nettiensium
1315 1982 1373 2047 illo
1387 1982 1486 2048 titulo

259 2088 367 2155 verbis
404 2091 490 2163 ἔδοξε
526 2103 564 2176 τδρ
601 2094 697 2176 βοολοζι
734 2095 787 2156 καὶ
823 2105 865 2177 τῳ
898 2094 985 2182 δάμῳ
1013 2093 1218 2183 δεδόσθαι...
1234 2091 1361 2175 ipsam
1392 2088 1484 2156 illam
1545 2101 1551 2111 ⁴

260 2195 544 2262 confirmationem
580 2197 748 2278 contineri.
801 2198 895 2277 Quae
924 2219 1001 2262 cum
1032 2197 1080 2261 ita
1111 2196 1186 2274 sint,
1217 2196 1360 2281 priorem
1391 2193 1484 2261 iliam

260 2303 465 2368 sanctionem
500 2322 714 2387 nequaquam
754 2324 796 2369 ex
844 2303 945 2369 totius
987 2303 1103 2389 populi
1142 2301 1335 2368 auctoritate
1371 2308 1485 2387 aptam

260 2408 362 2474 fuisse
385 2409 516 2474 eminet.
567 2441 572 2454 ·
916 2428 922 2437 ·
1139 2488 1142 2493 γ

333 2513 574 2580 ’θοόιΙοτοΙόοω
598 2515 686 2581 dicat
708 2515 874 2602 quispiam
897 2517 1040 2602 priorem
1063 2519 1193 2602 κόρωοιν
1214 2536 1316 2602 penes
1340 2513 1485 2580 Rhodio·

259 2615 335 2686 rum
363 2621 530 2686 civitatem
553 2622 670 2702 fuisse,
700 2627 753 2689 τὰν
781 2625 863 2687 δόσιν
892 2632 944 2688 τοῦ
974 2629 1123 2711 crepereo
1151 2621 1193 2688 ad
1227 2621 1484 2708 Carpathiorum

260 2727 453 2793 unirersum
471 2722 634 2814 populum
655 2725 824 2816 (οόμταντα
843 2730 950 2813 δᾶμον)
971 2728 1176 2815 pertinuisse.
1202 2728 1330 2793 Verum
1353 2748 1396 2794 ue
1418 2728 1486 2794 hoc
1535 2735 1539 2741 ’

260 2832 396 2952 quidem
408 2833 478 2898 fieri
494 2855 589 2919 posse
605 2855 682 2898 cum
698 2836 738 2900 iis
741 2855 850 2920 ,quae
866 2855 967 2920 supra
981 2833 1022 2899 de
1039 2834 1293 2920 Carpathiorum
1311 2834 1483 2901 communi

259 2939 473 3026 exposuimus
488 2940 692 3026 perspicitur
643 2947 783 3006 urtum
799 2940 1013 3026 inscriptione
1029 2942 1078 3005 M.
1096 2927 1484 3025 a.(i.1eec,p.113=

259 3048 307 3111 M.
333 3069 362 3112 o
382 3047 457 3111 Ara
474 3045 516 3110 ΙΙ.
534 3067 565 3131 p
584 3048 648 3111 228
672 3046 760 3112 edita
783 3047 963 3113 certissime
985 3046 1201 3113 convincitur
1241 3047 1283 3111 In
1305 3046 1369 3111 hac
1392 3048 1482 3112 enim

259 3154 339 3219 haec
356 3158 488 3218 exstant
501 3151 602 3218 verba
617 3155 768 3240 δεδόχθαι
783 3165 821 3238 τᾷ
838 3155 935 3238 βοολᾶ
949 3157 1005 3218 καὶ
1021 3165 1061 3237 τῳ
1078 3154 1166 3239 δάμῳ
1182 3155 1391 3238 κυρωθέντος
1396 3154 1485 3219 τοοδε

260 3270 311 3324 τοῦ
344 3257 616 3346 [ψαῳίσματοςΙΜ
629 3258 697 3324 ,ἐπὶ
730 3263 846 3343 βάστος,
878 3263 970 3325 λὶθοο
992 3262 1117 3344 λαρτίοο
1128 3257 1185 3347 1’)
1175 3281 1205 3324 εν
1228 3271 1269 3343 τῳ
1293 3265 1408 3345 τεμένει
1431 3268 1486 3325 rot

262 3363 379 3432 Αλίοο.
425 3365 527 3430 Iam
522 3385 600 3430 oum
627 3365 691 3430 hoc
723 3365 893 3431 decretum
923 3365 1006 3430 ab
997 3365 1078 3450 ipsis
1100 3363 1308 3430 Rhodiorum
1342 3365 1486 3432 comitiis

261 3472 304 3537 sit
326 3471 461 3552 factum,
486 3472 669 3537 necessario
684 3471 824 3537 efficitur
838 3470 931 3536 illam
947 3474 1077 3556 κόρωοιν
1093 3491 1134 3537 ex
1149 3492 1264 3537 eorum
1287 3471 1486 3537 auctoritate

261 3598 329 3644 non
352 3578 556 3664 pependisse.
603 3579 645 3643 In
672 3579 850 3643 cuiusnam
879 3577 981 3663 igitur
1004 3577 1139 3642 arbitrio
1162 3598 1236 3642 eam
1259 3577 1358 3642 sitam
1382 3576 1487 3644 fuisse·

261 3686 441 3770 putemus?
465 3685 574 3762 Quam
591 3684 634 3749 ad
649 3686 879 3770 quaestionem
895 3691 934 3750 ut
948 3685 1115 3770 possimus
1130 3683 1487 3770 respondere,1recesse

262 3798 311 3858 est
343 3797 539 3876 argumenta
574 3791 725 3856 omnium
759 3811 874 3856 eorum
906 3791 1093 3870 titulorum,
1127 3790 1250 3876 quibus
1283 3790 1324 3855 de
1355 3798 1488 3874 κυρώσει

262 3898 387 3962 mentio
411 3903 461 3962 est
484 3897 579 3976 iacta,
612 3899 799 3963 accuratius
822 3897 1078 3964 consideremus.
1126 3898 1225 3977 Quod
1248 3897 1276 3963 si
1300 3897 1484 3976 fecerimus,

176 4053 184 4064 .
262 4004 403 4083 eveniet,
442 4008 482 4068 ut
515 4024 630 4068 omnes
666 4003 740 4070 ilios
772 4003 878 4070 alium
908 4005 1014 4089 magis
1046 4002 1110 4068 alio
1142 4025 1220 4070 cum
1252 4004 1352 4069 rebus
1385 4004 1486 4070 sacris

1325 4139 1482 4150 ——u—-n

352 4196 372 4263 ¹)
390 4199 465 4261 Quid
484 4198 563 4260 λίθος
582 4199 698 4271 tepea,
718 4201 766 4266 qui
787 4201 916 4266 pluribus
939 4201 970 4252 in
992 4199 1224 4266 inscriptionibus
1243 4204 1272 4252 et
1296 4199 1416 4253 Rhodiis
1433 4199 1485 4266 (M.

263 4306 289 4342 a.
307 4287 372 4342 Αω.
390 4289 427 4354 n,
446 4305 474 4354 p.
498 4291 549 4340 ars
571 4305 598 4342 v.
619 4291 648 4354 ω
672 4289 707 4342 or.
726 4288 766 4342 M.
786 4276 1486 4355 a.(i.1ass,p.113‚0auerde1eotusp.rrc

264 4393 288 4431 v.
309 4381 351 4442 99,
375 4378 426 4430 Br
445 4376 518 4430 Mus.
544 4394 571 4430 n.
592 4381 643 4430 349
666 4395 692 4431 v.
715 4381 747 4431 10
765 4375 886 4445 [Ialysia
906 4378 940 4430 cf.
959 4378 1053 4432 Herm.
1077 4378 1156 4445 XIV,
1184 4395 1212 4444 p.
1231 4381 1282 4431 457
1308 4377 1373 4433 adn
1399 4375 1451 4444 I])
1458 4385 1488 4432 ct

265 4465 460 4533 Carpathiae.
479 4465 505 4518 9
527 4467 602 4532 VIII,
622 4483 650 4532 p.
677 4469 728 4519 355
748 4470 989 4544 commemoratur,
1014 4466 1069 4518 sibi
1087 4466 1164 4533 velit,
1188 4481 1222 4518 ea
1242 4467 1279 4519 de
1302 4481 1333 4519 re
1358 4467 1488 4534 proxime

264 4555 318 4621 alio
336 4555 397 4607 loco
416 4555 572 4608 accuratius
591 4569 741 4620 exponam.
