3300 5142
596 385 883 450 .·.-59..

250 581 321 646 lam
344 580 482 660 KeiliuS,
507 599 585 644 oum
607 577 717 660 Rossii
739 556 1008 664 supplementum
1036 577 1223 664 {sperabatur
1245 578 1288 643 ab
1311 599 1378 643 om-

160 686 260 752 nibus
282 685 475 750 hominibus
499 684 602 750 doctis
624 684 802 776 probatum
819 685 1030 776 reciperetlet
1052 685 1267 752 Eulimenum
1290 685 1378 752 Iovis
1433 739 1436 749 .
1488 694 1491 705 '

159 792 339 858 sacerdotio
355 791 594 857 functumsesse
608 790 818 874 intellegeret,
844 812 921 857 eum
943 813 1076 859 servum
1089 792 1262 878 publicum
1277 791 1378 856 fuisse
1471 824 1474 829 ·
1501 873 1507 885 ⁹

159 899 305 984 negavit;
330 919 432 984 quare
454 899 513 983 qui
528 905 664 965 vocatur
686 901 882 984 paupertate
900 901 1046 985 δαμόσιος
1060 899 1151 964 idem
1166 906 1266 988 atque
1280 921 1378 983 γραμ-

158 1009 284 1092 ματεὺς
300 1015 351 1069 τοῦ
385 1007 483 1091 δάμω
514 1003 645 1070 videtur
672 1005 702 1070 ei
724 1013 802 1070 esse.
849 1005 896 1077 At
923 1005 1031 1070 multa
1053 1007 1082 1070 ei
1114 1005 1298 1070 sententiae
1322 1003 1377 1068 ob·
1465 1042 1467 1047 ·

158 1117 257 1176 stant.
303 1111 452 1176 Primum
477 1111 566 1176 enim
589 1131 628 1176 ea
644 1131 709 1190 res,
734 1111 825 1195 quod
841 1111 1017 1178 Eulimeno
1031 1111 1285 1198 patronymicon
1307 1131 1376 1177 non

156 1215 309 1282 additum
325 1222 383 1297 est,
406 1216 443 1282 in
457 1216 597 1282 Rhodiis
619 1216 889 1302 inscriptionibus
904 1238 973 1282 non
988 1218 1053 1284 nisi
1074 1219 1110 1282 in
1128 1217 1378 1304 magistratibus

156 1323 328 1408 eponymis
350 1321 611 1409 praescribendis
627 1323 797 1403 omissum,
822 1344 901 1389 eum
915 1330 974 1390 aut
991 1343 1124 1391 servum
1147 1329 1207 1390 aut
1220 1323 1376 1390 libertum
1488 1379 1491 1385 ,

157 1427 330 1507 fuissent
353 1433 540 1494 statuamus
562 1428 687 1494 suadet.
734 1429 822 1496 Tum
838 1429 973 1510 accedit,
998 1430 1089 1516 quod
1104 1451 1213 1515 neque
1227 1436 1376 1496 veterum

155 1535 350 1620 scriptorum
374 1555 482 1620 neque
504 1535 896 1602 titulorumtestimoniis
919 1557 978 1622 pro
993 1539 1187 1622 γραμματεὺς
1209 1547 1260 1602 τοῦ
1277 1539 1376 1624 δάμω)

155 1644 254 1710 etiarn
287 1643 414 1710 dictum
445 1665 515 1710 esse
546 1647 740 1732 γραμματεὺς
769 1645 916 1730 δαμόσιος
943 1643 1167 1708 confirmatur.
1222 1643 1374 1728 Denique

153 1771 231 1816 vero
258 1749 384 1836 ubique
405 1751 607 1817 vocabulum
634 1753 781 1838 δαμόσισς
810 1771 884 1816 eam
911 1750 1113 1829 hebetum,
1145 1756 1184 1819 nt
1209 1749 1255 1829 id,
1283 1749 1374 1834 quod

154 1855 295 1922 civitatis
329 1858 372 1924 sit
402 1864 435 1922 et
468 1858 618 1944 inprimis
650 1879 760 1924 servos
794 1856 945 1943 publicos
977 1855 1139 1942 significet
1171 1853 1224 1941 (cf.
1257 1855 1374 1935 Beata

154 1956 409 2030 Stootsbonsbnlt
435 1965 477 2044 Π,
501 1986 532 2050 p.
557 1965 621 2030 228
650 1970 681 2029 et
709 1963 750 2030 de
776 1963 924 2031 demosio
949 1964 987 2028 in
1013 1963 1115 2028 Deliis
1146 1961 1250 2043 titulis
1278 1962 1375 2028 obvio

154 2069 249 2152 wap
271 2091 303 2134 n.
329 2067 416 2155 247).
450 2069 543 2147 Quae
561 2069 697 2155 quidem
718 2071 810 2139 notio
825 2076 1028 2155 quantopere
1043 2070 1147 2155 ipsius
1161 2069 1252 2134 tituli
1265 2069 1374 2136 verbis

154 2186 212 2239 τῶν
235 2187 290 2248 τᾶς
313 2178 417 2249 πόλιος
449 2163 567 2242 boblor
588 2167 782 2261 postuletur
799 2195 898 2241 nemo
930 2197 999 2240 non
1026 2175 1124 2242 videt.
1172 2174 1303 2251 Quibus
1326 2195 1374 2240 ar-

121 2343 125 2347 .
153 2281 320 2366 gumentis
353 2288 538 2349 commotus
567 2283 782 2348 Eulimenum
815 2303 947 2350 servum
976 2281 1150 2369 publicum
1181 2282 1283 2347 fuisse
1312 2302 1373 2367 pro

154 2393 241 2453 certo
256 2389 372 2455 habeo.
408 2389 536 2455 Tamen
552 2389 657 2454 facere
672 2410 741 2454 non
755 2408 902 2474 possum,
926 2390 1009 2473 quin
1023 2389 1142 2468 Keilio,
1166 2389 1225 2473 qui
1240 2409 1372 2455 servum
1492 2391 1495 2395 ’

153 2483 333 2560 sacerdotio
360 2495 403 2560 ad
429 2496 531 2561 totius
558 2493 756 2582 reipublicae
779 2495 880 2562 deum
910 2496 1095 2580 pertinente
1122 2496 1276 2560 functum
1302 2515 1374 2560 esse

153 2599 302 2686 denegat,
332 2621 465 2690 prorsus
493 2601 681 2694 adstipuler.
729 2601 819 2680 Quid
834 2601 946 2688 ergo?
990 2603 1063 2667 Iam
1090 2602 1117 2668 si
1145 2608 1178 2668 et
1204 2601 1313 2666 Rossii
1340 2609 1374 2666 et

152 2689 315 2773 Newtonii
337 2709 566 2795 apographum
592 2709 777 2774 accuratius
805 2708 1047 2794 contemplaris,
1075 2709 1112 2772 in
1134 2709 1252 2793 quinto
1275 2728 1373 2774 versu

153 2811 262 2897 plures
285 2833 389 2898 quam
412 2814 495 2880 duas
517 2814 641 2906 litteras
663 2813 724 2902 (ας)
747 2805 921 2882 evanuisse
934 2814 1112 2900 intelleges.
1159 2814 1251 2880 Nihil
1272 2815 1375 2900 igitur

153 2917 299 3004 impedit,
330 2921 509 3005 quominus
542 2919 766 3007 tapatabclcnc
798 2919 1021 3007 suppleamus,
1052 2943 1155 3007 quam
1183 2943 1300 2990 vocem
1326 2943 1373 2987 re-

152 3025 274 3110 spicere
296 3046 429 3095 necesse
452 3026 566 3093 estad
588 3048 721 3125 nomen,
745 3027 894 3112 quod'in
917 3027 1024 3114 capite
1045 3028 1134 3093 tituli
1160 3029 1369 3095 interciderit.
1427 3114 1431 3123 x

240 3131 316 3208 Qua
337 3134 463 3199 ratione
486 3133 606 3199 ductus
628 3139 736 3200 totum
759 3133 895 3199 titulum
918 3134 965 3199 sic
987 3134 1054 3199 fere
1076 3135 1261 3200 restituam:

362 3301 414 3369 [τὸν
433 3301 506 3356 δεῖνα
524 3312 568 3356 τοῦ
588 3301 670 3371 δεῖνα]

361 3389 508 3464 [εὐεργέταν
529 3389 607 3460 ....]
643 3393 677 3444 cf.
698 3391 726 3445 C.
746 3391 769 3444 I.
791 3391 823 3446 G.
843 3396 913 3446 2525
933 3392 1146 3465 c.„11amatoa,
1165 3393 1316 3447 researcbes

363 3489 443 3532 αστᾱν
462 3487 512 3532 τῶν
531 3489 576 3542 τᾶς
596 3481 645 3533 πό-
841 3482 873 3534 in
889 3483 961 3534 Asia
978 3483 1069 3536 minor
1086 3499 1114 3534 n.
1134 3485 1193 3534 300.
1252 3509 1258 3516 ·

363 3567 438 3636 λ[ι]ος
458 3567 558 3621 δούλων
578 3567 661 3622 Eolt·
1079 3574 1081 3577 ’

336 3650 338 3661 ’
366 3655 452 3730 μ]ενος
470 3659 640 3730 γραμματεὺς

363 3743 510 3818 captane,
529 3744 665 3816 ἱερατεύσ-

363 3832 439 3900 αντα]
458 3834 520 3897 Διὸς
538 3831 708 3907 Ἀταβυρίου.

241 3980 381 4048 Constat
403 3985 493 4070 enim
507 3986 614 4052 xetiam
638 4007 748 4052 servos
771 3991 858 4052 κοινὰ
880 3986 932 4052 vel
956 3990 1086 4062 θιάσους
1109 3988 1263 4054 effecisse.
1309 3990 1371 4055 Ne

151 4107 216 4173 que
239 4089 420 4156 verbasco
443 4104 498 4164 τᾶς
520 4095 626 4165 πόλιος
650 4094 763 4158 bottas
786 4092 875 4158 illius
898 4095 1085 4160 communis
1107 4095 1236 4160 nomini
1258 4096 1371 4161 addita

151 4194 316 4281 superflua
331 4195 494 4278 videntur,
512 4199 671 4284 quonism
686 4199 795 4264 autin
810 4205 904 4265 tanta
919 4200 1125 4265 Rhodiorum
1141 4203 1372 4268 communium

152 4301 367 4368 multitudine
389 4304 484 4370 facile
498 4305 640 4372 alterum
663 4311 760 4371 κοινόν
776 4305 892 4372 eodem
914 4308 1050 4373 nomine
1068 4307 1256 4394 praeditum
1271 4310 1373 4374 fuisse

154 4415 261 4492 potest
288 4416 347 4475 aut
373 4411 570 4477 Eulimenus
598 4433 635 4477 eo
663 4412 798 4478 consilio
830 4434 869 4478 ea
898 4412 1089 4479 adiunxisse
1114 4414 1285 4501 putandus
1312 4420 1370 4494 est,

153 4519 191 4578 ut
221 4515 304 4580 illud
326 4538 459 4583 ¹munus
489 4522 683 4605 γραμματεὺς
715 4521 862 4606 luponio<
889 4521 985 4605 quasi
1010 4519 1228 4585 illustraretur
1257 4526 1290 4585 et
1320 4519 1373 4585 de
1423 4560 1425 4564 ι
