3300 5142
755 353 799 364 -
844 317 889 382 ιι
926 279 983 363 ,-”

256 516 431 600 φανηρυρία
459 510 490 577 ἐν
512 521 585 586 ταῖς
607 515 826 596 ιιαναγίιρεοιν,Ι
849 523 902 577 τᾶν
933 523 1020 597 τιμᾶν
1048 504 1246 595 ἀναὶόρευυις
1272 509 1317 594 εἰς
1349 517 1399 577 τὸν
1426 512 1475 578 ἀεὶ

255 623 363 706 χρόνον
386 617 426 684 of.
451 619 527 684 Rev.
552 620 637 684 arch.
669 615 752 683 1867
781 617 822 696 Π,
854 638 885 702 p.
915 615 969 703 26)
995 617 1106 683 aditus
1135 617 1178 683 ad
1206 619 1384 698 contiones,
1416 619 1475 704 qui

239 709 361 790 'bonor
382 724 419 789 in
436 723 601 810 plerisque
617 723 749 790 Graecis
765 722 905 790 urbibus
920 723 1005 788 haut
1018 723 1093 791 vilis
1108 730 1187 804 erat,
1210 745 1280 793 non
1294 725 1471 791 invenitur.

254 829 407 914 Denique
425 829 505 894 huic
528 829 630 894 statui
650 827 735 922 illud
757 849 891 915 quoque
917 835 967 894 est
982 834 1252 920 consentaneum,
1276 829 1370 915 quod
1389 829 1473 896 Fau

255 937 377 1016 curtius
399 937 477 1002 Rev.
505 937 590 1001 arch.
618 935 700 1001 1867
724 935 767 1016 11,
791 955 822 1021 p.
853 936 896 1001 30
927 934 1117 1002 observavit.
1138 935 1176 1000 in
1203 936 1475 1022 inscriptionibus

199 1038 203 1043 ’
254 1041 392 1122 Lindiis,
416 1041 539 1128 quibus
555 1041 705 1108 ‹feminae
729 1041 946 1120 honorantur,
973 1041 1082 1107 solum
1113 1043 1365 1124 commemorari
1388 1047 1475 1130 φιλο-

256 1149 356 1222 δοξίαν
380 1145 426 1222 εἱς
448 1151 489 1212 τὸ·
504 1151 627 1236 πλῆθος
650 1151 683 1212 τὸ
706 1145 849 1223 Λινδίων,
870 1146 994 1233 quibus
1016 1147 1096 1214 viris
1117 1147 1225 1223 honos
1247 1148 1413 1229 tribuitur,
1437 1150 1475 1214 in

254 1255 294 1321 iis
317 1254 514 1341 plerumque
528 1253 697 1321 adiectum
712 1274 782 1320 asse
798 1251 845 1327 είς
858 1257 909 1320 τὸν
928 1257 1085 1340 obpressa
1101 1256 1205 1341 δᾶμον.
1241 1255 1362 1322 Nonne
1385 1257 1473 1321 enim

164 1431 165 1436 ,
256 1381 294 1427 ea
316 1383 367 1427 res
394 1359 621 1448 optimeinde
648 1361 854 1447 explanatur,
883 1359 975 1446 quod
995 1361 1143 1430 virorum
1160 1352 1287 1428 ‘merita
1313 1363 1349 1427 in
1375 1361 1489 1428 rebus*

255 1469 396 1555 publicis
423 1469 531 1554 posita
560 1469 750 1554 saepissime
774 1467 818 1534 ad
843 1475 950 1534 totam
980 1456 1189 1534 Rhodiorum
1216 1471 1385 1537 civitatem
1407 1491 1475 1556 per-

255 1575 416 1655 tinebant,
440 1575 642 1640 feminarum
665 1574 802 1640 donaria
823 1575 889 1641 nisi
911 1575 954 1640 ad
976 1573 1011 1640 id
1027 1596 1214 1656 commune,
1238 1577 1294 1643 cui
1314 1575 1475 1662 impertie-

255 1681 392 1766 bantur,
420 1701 490 1745 non
517 1679 730 1766 spectabant?
780 1680 847 1746 Sed
873 1702 916 1746 ne
942 1682 979 1746 in
1008 1679 1109 1746 rebus
1130 1681 1274 1766 ¹quidem
1302 1681 1346 1746 ad
1371 1681 1475 1767 ipsius

141 1806 146 1815 “
256 1787 444 1853 communis
476 1786 732 1852 administrandi
761 1787 926 1852 rationem
955 1787 1182 1873 spectantibus
1213 1786 1349 1853 Lindios
1376 1786 1475 1872 plane

153 1959 154 1964 ,
256 1915 336 1962 suae
358 1894 460 1960 fuisse
477 1893 657 1980 potestatis,
682 1893 800 1960 titulus
823 1915 845 1958 a
866 1893 984 1959 Rossio
1000 1895 1082 1960 Heli.
1105 1915 1147 1980 p.·
1165 1894 1228 1959 115
1250 1915 1284 1958 n.
1308 1892 1476 1976 ricolus

255 1999 394 2086 probare
421 1998 506 2064 mihi
531 1997 671 2078 videtur,
703 2020 770 2086 quo
796 1999 938 2084 legimus
965 2001 1051 2073 ἔδοξε
1079 2006 1225 2086 μάατροις
1251 2004 1306 2064 καί
1332 1997 1476 2074 Λινδίοις,
1536 1989 1539 1995 ’

256 2106 416 2172 ἐπιστατᾶν
442 2113 558 2190 γνώμα·
588 2102 694 2191 ἐπειδὴ
716 2153 801 2170 .....
826 2107 979 2194 δεδόχθαι
1000 2104 1137 2178 Λινδίοις
1166 2109 1360 2189 κυρωθέντος
1389 2107 1476 2172 τοῦδε

256 2223 306 2278 τοῦ
319 2218 521 2300 ψαφίσμιιτυς.
546 2211 599 2276 Ex
611 2212 786 2277 cuiusnam
797 2217 911 2278 autem
923 2212 1136 2298 magistratus
1149 2211 1284 2277 arbitrio
1296 2233 1335 2278 ea
1350 2212 1477 2277 sanctio

120 2317 122 2326 ’
255 2319 355 2386 ¹fuerit
377 2325 464 2406 apta,
487 2319 588 2405 paulo
610 2318 699 2384 infra
721 2317 1033 2386 demonstrabimus

312 2419 313 2422 ¹
345 2425 553 2491 Accedamus
575 2445 672 2491 nunc
694 2424 738 2490 ad
761 2424 1017 2491 considerandos
1044 2425 1268 2511 magistratus,
1296 2427 1356 2511 qui
1378 2425 1476 2492 rebus

228 2517 230 2522 ’
255 2532 397 2618 publicis
420 2531 617 2597 Lindiorum
639 2537 735 2596 erant
756 2532 943 2617 praepositi.

83 2663 123 2694 ma
206 2663 240 2696 us·
345 2639 484 2705 Summo
516 2636 654 2725 quidem
685 2637 885 2722 magistratu
905 2644 945 2704 ut
967 2637 1090 2704 Camiri
1112 2639 1286 2725 demiurgi,
1319 2646 1474 2724 prytanes

256 2744 377 2824 Rhodi,
402 2745 449 2810 sic
471 2744 571 2810 Lindi
594 2745 752 2831 epistotae
775 2743 1010 2830 fungebantur.

346 2849 477 2927 Quibus
507 2849 547 2916 de
580 2851 726 2937 epistatis
748 2851 964 2938 gravissimus
987 2871 1068 2916 sane
1090 2857 1140 2917 est
1161 2851 1280 2918 titulus
1301 2853 1361 2917 Br.
1385 2853 1474 2917 Mass.

257 2979 290 3022 n.
316 2958 379 3023 357
404 2954 457 3042 (=
481 2957 563 3024 Rev.
587 2958 680 3023 arch.
708 2958 791 3022 1867
816 2957 842 3022 Ι.
866 2979 899 3044 p.
916 2955 1001 3044 206),
1026 2958 1085 3043 qui
1109 2958 1191 3024 haec
1216 2957 1362 3024 exbibet:
1387 2957 1476 3029 ἔδοξε

258 3069 404 3150 μάστροις
416 3068 469 3128 καί
480 3061 620 3137 Λινδίοις
631 3062 789 3129 ἐπιστατῶν
817 3061 929 3149 [γνώμα
941 3062 982 3129 cf.
999 3063 1085 3129 Ross
1100 3064 1182 3130 Hal.
1199 3085 1274 3151 pag.
1294 3064 1367 3143 115,
1383 3084 1414 3129 v.
1432 3059 1474 3145 bl·

258 3169 362 3257 ἐπειδὴ
386 3169 542 3251 ἐπιστάτα
565 3169 739 3254 αἱρεθέντες
762 3165 819 3235 ἱπὸ
842 3168 972 3235 Λινδίων

593 3300 774 3376 ’Λνάξανδρος
794 3303 928 3383 lldpossoc¹
944 3302 1097 3372 Καμὺνδιος

594 3391 697 3455 Λυσίας
716 3391 894 3465 Λυσικράτους
913 3391 1070 3464 Λοιδάρμιυς

594 3479 732 3550 Εὔβουλος
751 3481 917 3551 Εὐθυμάχου
934 3479 1038 3550 Πάριος

258 3610 312 3670 καί
335 3607 381 3670 τοὶ
399 3604 575 3691 αἱρεθέντες
598 3605 706 3690 ἄνδρες
723 3607 984 3688 ουναγωνίξασθαι
1003 3615 1072 3679 ταῖς
1095 3607 1195 3676 δίκαις
1218 3639 1261 3678 ·.·
1288 3606 1476 3686 sequuntur

257 3711 394 3798 triginta
416 3711 555 3778 nomina
580 3747 617 3758 -
644 3711 753 3798 ἄνδρες
782 3712 898 3795 ἀγαθοί
920 3710 1055 3795 ἐγένοντο
1083 3710 1376 3798 ουνδιαφυλοίξαντες
1399 3705 1475 3772 Λιν-

167 3901 168 3905 ¹
260 3821 334 3890 δίας
357 3815 441 3890 ὅπως
463 3821 512 3882 ταὶ
527 3815 667 3901 ἀἱρέοιες
691 3823 828 3900 γίνωνται
851 3818 882 3885 ἐν
905 3817 1008 3904 Λίνδῳ
1031 3830 1089 3882 τῶν
1112 3814 1216 3901 ἱερέων
1239 3821 1293 3882 καί
1315 3814 1475 3902 ἱεροθυτᾱν

259 3928 313 3990 καὶ
335 3921 492 4010 ἱεροποιῶν
514 3928 640 3989 καὶτῶν
664 3923 765 3990 ἄλλων
788 3937 846 3991 τῶν
870 3923 918 3988 ἐπὶ
939 3929 979 3989 τὰ
1001 3929 1088 3990 κοινὰ
1109 3929 1302 4010 τασσομένων
1324 3921 1359 3996 ἐξ
1382 3918 1477 3986 corso

260 4021 557 4102 Λινδίων,...ὅπω·ς
589 4032 623 4094 δὲ
655 4029 676 4094 οἱ
705 4033 804 4096 ucula
838 4035 917 4117 τέθῃ
941 4029 976 4103 ἐς
1004 4034 1038 4096 τὸ
1069 4029 1148 4115 ἱερὸν
1175 4041 1232 4102 τᾶς
1259 4017 1403 4099 Ἀθάνας
1432 4029 1477 4091 τοὶ

259 4136 416 4202 ἐπιστάται
439 4136 668 4222 stupescente
692 4137 738 4202 τοὶ
761 4137 791 4202 ἐν
811 4136 896 4225 ἀρχᾷ
920 4136 1030 4209 ἐόντες.

350 4242 424 4319 Quo
448 4263 489 4308 ex
511 4241 608 4308 titulo
626 4243 822 4308 Foucartius
837 4244 1037 4309 assentiente
1051 4241 1224 4308 Newtonio
1239 4261 1318 4306 oum
1332 4236 1477 4304 maxime

259 4348 361 4416 verba
383 4351 429 4414 τοί
451 4349 500 4413 ἀεὶ
526 4345 556 4413 ἐν
580 4347 664 4434 ἀρχᾷ
688 4347 787 4422 ἐόντες
809 4349 991 4435 respiceret,
1016 4370 1077 4414 suo
1099 4349 1171 4413 iure
1193 4346 1301 4412 effecit
1323 4345 1478 4429 epistates

260 4455 363 4522 fuisse
384 4455 617 4542 magistratum
640 4454 845 4520 ordinarium
868 4457 1047 4541 quotannis
1070 4454 1220 4521 electum.
1244 4452 1318 4516 Iam
1341 4471 1419 4516 cum
1441 4451 1479 4516 in
