3300 5142
790 374 1010 438 ..iffi-

287 570 434 651 tempore
456 565 584 632 nullam
613 569 659 633 rei
685 567 856 634 familiaris
883 568 1034 634 habtiarn
1067 590 1137 634 esse
1163 569 1333 634 rationem.
1380 567 1511 634 Deinde

286 677 401 736 autem
422 671 501 737 inde
523 681 658 759 apparet
679 673 828 740 Rhodios
851 681 1016 741 senatores
1039 681 1078 740 ut
1099 675 1319 741 Athenienses
1346 674 1512 760 accepisse

287 782 412 862 μισθόν,
432 780 538 864 quod
569 779 659 847 idem
697 787 837 849 testatur
872 782 936 848 Dio
969 782 1136 868 Chrysost.
1172 806 1218 848 or.
1257 781 1378 846 XXXI
1399 799 1438 840 620
1452 796 1511 848 (102)

286 889 354 950 τότε
377 889 430 971 μὲν
453 891 510 972 γὰρ
535 935 621 950 ....
646 888 828 976 ἀνηλίσκετο
851 939 858 952 .
878 938 909 955 ..
935 899 999 963 τοῖς
1022 891 1188 964 δικάζουσι,
1203 899 1241 973 τῇ
1265 890 1373 972 βουλῇ.
1412 884 1510 952 Deni-

286 1011 353 1076 que
374 1013 452 1058 vero
480 993 644 1060 Ciceronis
674 995 731 1060 illa
753 996 854 1062 verba
885 1017 1020 1062 «omnes
1042 994 1096 1081 (sc.
1127 992 1261 1080 Rhodii)
1288 999 1383 1060 erant
1408 992 1511 1057 iidem

289 1105 361 1162 tum
384 1098 425 1164 de
447 1098 543 1187 plebe
565 1106 638 1166 tum
662 1108 828 1168 senatores
851 1101 1160 1186 vicissitudinesque
1180 1100 1362 1178 hebebant,
1386 1097 1511 1185 quibus

287 1203 458 1270 mensibus
481 1212 561 1270 etc.»
588 1207 864 1274 Wachsmuthius
886 1230 941 1274 me
962 1209 1094 1274 monuit
1116 1206 1307 1293 accipienda
1329 1227 1399 1271 esse
1421 1204 1511 1269 hano

285 1311 322 1376 in
345 1312 553 1392 sententiam,
577 1333 664 1398 quae
686 1313 797 1380 adhuc
819 1334 935 1380 omnes
957 1314 1045 1381 viros
1068 1313 1181 1380 doctos
1203 1312 1329 1399 effugit.
1365 1310 1510 1377 Omnes

284 1415 387 1502 igitur
409 1417 557 1484 Rhodios
580 1421 759 1504 quotannis
782 1426 814 1486 et
834 1421 997 1486 senatorio
1020 1442 1158 1486 munere
1180 1417 1227 1506 (in
1250 1411 1351 1504 curia]
1373 1439 1431 1504 per
1453 1416 1509 1481 ali·

287 1522 378 1607 quod
393 1529 525 1610 tempus
541 1531 574 1590 et
583 1524 735 1612 populari
749 1521 907 1612 (iudiciali
921 1527 958 1592 in
973 1524 1113 1612 theatro)
1126 1547 1185 1612 per
1196 1524 1362 1610 rehquum
1376 1531 1510 1610 tempus

288 1629 419 1696 functos
432 1651 510 1696 esse.
534 1628 651 1716 Itaque
667 1632 875 1718 singulorum
889 1640 1080 1698 senatorum
1091 1654 1217 1698 munus
1228 1627 1297 1696 non
1308 1652 1367 1717 per
1380 1651 1509 1694 annum

286 1736 432 1815 durasse,
456 1758 499 1802 ne
521 1759 579 1824 per
594 1745 749 1804 semestre
763 1739 909 1825 quidem,
933 1739 992 1806 sed
1014 1762 1072 1826 per
1086 1739 1235 1825 singulos
1251 1738 1360 1804 solum
1377 1757 1511 1802 menses

286 1843 371 1908 duos
392 1849 507 1909 tresve.
543 1844 756 1919 Accuratiora
779 1846 844 1912 dici
858 1867 963 1933 posse,
987 1846 1016 1910 si
1037 1845 1166 1912 licuerit
1183 1865 1362 1910 numerum
1385 1843 1510 1909 cisium

285 1947 362 2034 plus
385 1949 520 2034 triginta
548 1971 654 2017 annos
682 1959 837 2018 natorum
868 1953 1074 2018 constituere.
1120 1951 1293 2016 Hactenus
1320 1957 1437 2016 tamen
1465 1949 1509 2013 ad

286 2060 410 2119 certam
447 2056 693 2142 probabilemve
730 2060 954 2124 coniecturam
987 2057 1237 2146 proponendam
1276 2057 1388 2123 deesse
1422 2062 1510 2120 certa

286 2161 488 2240 testimonia,
522 2184 598 2228 cum
632 2186 674 2230 ne
705 2165 841 2231 Diodori
872 2165 1009 2252 quidem
1040 2164 1120 2251 (XX
1147 2163 1187 2251 ar)
1216 2163 1367 2230 sufficiat.
1414 2163 1510 2239 Quae

287 2267 386 2332 unica
410 2289 489 2333 sane
515 2268 647 2336 videtur
672 2271 837 2338 institutio
867 2272 1073 2358 maximique
1094 2272 1208 2337 multis
1231 2271 1274 2337 de
1305 2269 1413 2336 causis
1441 2257 1510 2332 mo-

287 2374 400 2452 menti,
425 2375 479 2439 cui
501 2376 581 2442 novi
603 2377 691 2470 tituli
713 2378 840 2444 clarum
862 2386 901 2444 ut
927 2379 1068 2445 afferant
1089 2378 1204 2444 lumen
1231 2397 1430 2463 magnopere
1459 2381 1510 2439 est

161 2477 165 2484 ’
284 2481 522 2566 exoptandum.

375 2587 572 2656 Senatorum
595 2597 708 2658 autem
730 2591 803 2658 illas
835 2593 922 2659 vices
945 2593 1083 2658 Roscius
1113 2593 1150 2658 in
1177 2590 1274 2657 titulo
1296 2591 1378 2656 Heli.
1407 2610 1439 2653 n.
1465 2589 1509 2652 23

285 2691 327 2779 (p.
357 2692 430 2780 101)
461 2695 715 2782 deprehendisse
742 2699 805 2764 sibi
835 2698 979 2776 videtum
1012 2700 1149 2765 fortasse
1176 2699 1276 2764 etiam
1302 2698 1340 2762 in
1366 2695 1430 2760 alia
1460 2695 1508 2760 in-

285 2801 471 2886 scriptione,
488 2825 591 2889 quam
604 2805 690 2871 infra
701 2807 918 2872 tractabimus
929 2805 972 2892 (p
985 2804 1051 2892 49),
1062 2805 1174 2872 latent.
1208 2805 1320 2889 Atque
1332 2803 1427 2869 facile
1439 2801 1510 2866 fieri

286 2914 402 2994 potest,
420 2914 457 2974 ut
479 2917 660 2996 prytanum
682 2935 852 2997 numerus,
872 2935 956 3008 quos
979 2935 1036 2979 sex
1051 2912 1182 2979 senatui
1195 2911 1375 2997 praefuisse
1389 2930 1509 2975 unum-

266 3034 351 3099 *que
364 3015 506 3081 scribam
518 3038 595 3084 cnm
608 3040 646 3085 eo
658 3041 871 3086 communem
884 3019 1041 3086 habuisse
1053 3025 1182 3085 constat
1193 3017 1244 3105 (cf.
1262 3019 1312 3083 M.
1326 3041 1356 3084 a.
1372 3017 1448 3082 Aa.
1464 3015 1508 3092 II,

284 3139 315 3206 p.
346 3123 410 3186 226
439 3123 509 3210 sq),
533 3127 724 3210 praesertim
757 3149 835 3192 cum
861 3149 951 3193 unus
978 3148 1020 3192 ex
1041 3127 1081 3192 iis
1108 3147 1166 3212 per
1193 3129 1349 3190 semestre
1374 3129 1507 3188 tantum

277 3248 415 3293 summa
442 3236 589 3296 uteretur
618 3233 1008 3313 auctoritate-artissime
1039 3255 1117 3299 cum
1144 3231 1201 3298 ilia
1227 3237 1365 3297 senatus
1386 3229 1507 3294 vicissi-

282 3333 399 3399 tudine
421 3336 602 3404 cohaereat.
650 3338 716 3404 Sed
738 3339 857 3405 melius
880 3339 941 3404 erit
967 3338 1136 3405 nesciendi
1163 3339 1255 3405 illam
1288 3343 1394 3403 artem
1421 3355 1510 3402 exer-

274 3425 363 3520 cere,
389 3441 494 3508 donec
517 3445 596 3511 novi
618 3445 706 3512 tituli
724 3452 822 3512 erunt
848 3445 984 3513 inventi.

371 3548 443 3615 Iam
466 3557 674 3619 transeamus
697 3553 740 3618 ad
762 3553 875 3620 titulos
898 3551 1024 3638 aliquid
1048 3574 1175 3619 novum
1198 3552 1239 3618 de
1267 3556 1386 3617 senatu
1408 3549 1507 3614 comi-

279 3653 401 3739 tiisque
425 3665 730 3726 commemorantes.
1328 3741 1333 3749 ὁ

370 3760 425 3825 Ad
446 3762 480 3827 id
505 3770 636 3850 tempus
659 3772 792 3831 tantum
820 3788 879 3832 sex
909 3767 1139 3853 inscriptiones
1166 3771 1246 3831 sunt
1272 3765 1428 3831 inventae
1450 3784 1505 3848 po·

281 3867 353 3952 puli
376 3867 505 3936 decreta
521 3872 736 3951 continentes
761 3894 848 3958 quae
871 3873 914 3938 ad
937 3880 1087 3952 aetatem,
1113 3873 1154 3938 de
1170 3894 1238 3958 qua
1259 3870 1323 3937 hac
1339 3891 1502 3936 commen-

282 3974 406 4040 tatione
435 3977 552 4064 agitur,
582 3985 668 4045 certo
696 3988 836 4066 possunt
862 3981 982 4046 referri.
1034 3980 1121 4046 Sunt
1143 3986 1256 4045 autem
1285 3979 1362 4043 hae:
1387 3973 1500 4041 foedus

280 4081 364 4146 iilud
386 4083 472 4148 inter
494 4084 653 4152 Rhodum
677 4092 709 4151 et
731 4085 974 4173 Hierapytnam
997 4086 1120 4152 Naberi
1142 4085 1304 4152 sententia
1332 4107 1359 4148 c.
1385 4084 1448 4150 220
1469 4101 1499 4146 a.

279 4189 341 4254 Ch.
370 4212 402 4256 n.
432 4191 620 4274 confectum
652 4190 784 4277 (Maera.
819 4196 912 4273 1852,
941 4216 973 4279 p.
999 4196 1041 4258 75
1064 4215 1112 4278 sq.
1139 4223 1180 4246 =
1212 4189 1335 4258 Coucr²
1357 4212 1390 4255 n.
1418 4185 1501 4273 181),

279 4297 395 4384 populi
426 4297 545 4363 scitum
579 4299 615 4363 in
642 4320 764 4386 magna
796 4299 937 4366 civitatis
965 4299 1151 4366 calamitate
1182 4297 1224 4363 de
1251 4297 1400 4384 pecuniis
1427 4316 1502 4360 con-

160 4427 163 4434 ·
280 4405 422 4471 ferendis
446 4406 572 4471 factum
594 4403 664 4492 (Br.
689 4409 777 4474 Mus.
801 4430 835 4473 n.
861 4406 946 4494 343),
970 4405 1061 4493 quod
1076 4407 1268 4471 Newtonius
1284 4404 1408 4490 optimo
1431 4403 1503 4469 iure

278 4513 364 4578 inter
386 4534 492 4579 annos
516 4515 691 4579 203-189
713 4514 857 4580 incisum
880 4535 950 4580 esse
973 4514 1097 4592 statuit,
1121 4513 1289 4578 decretum
1318 4533 1339 4576 a
1360 4510 1501 4576 Rhodiis
