3300 5142
810 356 1030 434 ..584

314 563 384 624 tam
412 556 608 644 expressitl).
657 559 732 636 Quo
758 561 795 624 in
822 561 920 627 titulo
950 561 1072 628 Rhodii
1100 582 1190 627 anno
1217 563 1260 626 53
1283 584 1315 647 p.
1345 560 1404 625 Oh.
1433 582 1466 624 n.
1495 561 1539 626 iis

257 733 262 754 Ι
314 665 439 751 legatie,
472 666 530 751 qui
560 665 745 732 libertatem
772 667 955 736 aclaudio
986 689 1075 735 anno
1102 670 1147 734 44
1173 668 1344 754 demptam
1371 666 1537 734 redditam

315 791 385 841 esse
399 771 474 836 urbi
489 771 619 837 Nerone
634 778 767 838 auctore
781 774 975 856 referebant,
1000 769 1126 841 statuas
1141 773 1333 841 decernunt.
1369 773 1442 838 lam
1458 793 1538 838 oum

314 878 350 943 in
372 878 521 944 versibus
545 881 565 942 6
589 881 662 943 etl
687 878 851 964 legamus:
876 883 1028 970 δεδόχθαι
1050 894 1088 946 τᾶ
1110 885 1206 966 βυυλᾱ
1229 884 1282 945 καὶ
1304 892 1346 945 τῶ
1370 881 1457 965 δάμω
1481 902 1540 943 ro·

314 989 468 1070 ρωθὲντυς
491 986 577 1050 τοῦδε
600 1009 634 1051 το
651 1035 808 1050 ......
834 999 971 1071 putator
995 985 1043 1054 ἐπὶ
1065 993 1172 1072 pacior
1195 990 1287 1052 λίθου
1302 989 1426 1071 leprico
1445 982 1539 1070 ἐντῷ

315 1096 428 1177 τεμένει
459 1102 510 1157 τοῦ
540 1089 649 1157 ‘Ailou
676 1090 750 1177 ὑπὲρ
775 1141 852 1169 ...,
874 1114 942 1179 quc
968 1094 1041 1159 loco
1068 1096 1155 1160 τοῦδε
1184 1093 1247 1178 toli)
1278 1098 1473 1181 ψαφίσματυς
1504 1097 1540 1157 et

315 1196 498 1286 στῙραταγῶν
514 1197 716 1289 explendum
739 1219 809 1266 osse
820 1205 924 1286 patet,
948 1201 1117 1285 quaeritur
1132 1208 1246 1266 utrum
1261 1188 1435 1284 υτρᾳτυγῶν
1457 1218 1538 1264 cum

286 1381 290 1395 Ι
314 1303 522 1370 antecedenti
535 1305 715 1370 *enuntiato
738 1293 933 1389 κυρωθέντυς
955 1307 1042 1372 τοῦδε
1069 1298 1133 1392 tolo
1159 1311 1354 1393 ψαφίσματυς
1386 1325 1431 1369 en
1458 1325 1538 1370 cum

315 1411 529 1496 sequentibus
551 1411 660 1478 verbis
683 1412 726 1478 sit
748 1412 1029 1499 coniungendum.

403 1516 477 1582 Sed·
501 1538 579 1582 cum
607 1517 644 1582 in
672 1518 778 1584 titulis
809 1518 964 1599 Rhodiis,
992 1519 1028 1584 in
1058 1518 1181 1604 quibus
1212 1519 1314 1585 verba
1343 1519 1539 1601 κυρωθέντος

215 1591 221 1626 ⁷
314 1625 400 1688 τοῦδε
423 1633 474 1689 τοῦ
490 1629 684 1711 ψαφίσματυς
698 1625 864 1709 leguntur,
880 1646 1057 1711 nunquam
1072 1626 1295 1711 magistratus,
1319 1644 1420 1710 penes
1435 1643 1539 1708 quern

106 2057 142 2105 de
156 2065 238 2109 ceteris
251 2076 300 2109 ma·

136 2117 278 2168 sistratlbus.

140 2383 170 2428 tle
183 2385 269 2430 renota.

314 1751 354 1796 ee.
383 1733 514 1816 κὺρωσις
541 1736 618 1812 erat,
646 1730 798 1811 addatur,
826 1752 870 1796 ne
896 1731 932 1796 in
961 1731 1023 1796 hac
1052 1731 1189 1816 quidem
1215 1730 1428 1817 inscriptione
1459 1750 1539 1796 eum

314 1858 441 1903 morem
463 1838 624 1902 omissum
647 1857 717 1903 esse
739 1838 948 1904 existumem.
985 1837 1095 1914 Quare
1117 1837 1206 1904 illius
1221 1844 1411 1924 praetorum
1426 1834 1537 1915 officii,

315 1944 409 2010 euius
431 1944 523 2009 testis
547 1944 610 2010 Dio
632 1950 691 2025 est,
715 1945 815 2010 etiam
838 1944 893 2010 hic
914 1943 1077 2010 indicium
1100 1951 1228 2010 exstare
1250 1939 1420 2030 videtur2).

403 2051 452 2116 De
467 2051 581 2116 ceteris
604 2049 789 2118 minoribus
812 2051 1061 2136 magistratibus
1084 2071 1162 2116 cum
1178 2050 1347 2116 Gilbertus
1366 2056 1398 2114 et
1413 2049 1539 2113 Botter·

313 2155 473 2224 mundius
504 2157 583 2224 setis
611 2156 784 2242 diiigenter
814 2156 1039 2243 exposuerint,
1068 2177 1274 2242 quamquam
1303 2176 1373 2221 non
1404 2155 1537 2234 desunt,

312 2282 399 2347 quae
419 2262 615 2349 improbem,
639 2268 752 2329 tamen
775 2283 867 2328 nunc
889 2262 974 2328 nihil
994 2260 1193 2348 adnotem³).

400 2368 466 2434 Sed
496 2369 538 2434 de
569 2389 684 2434 eorum
716 2368 831 2434 scribis
857 2370 973 2455 paucis
999 2369 1083 2434 mihi
1111 2375 1161 2434 est
1183 2367 1432 2454 disputandum.
1486 2367 1539 2432 De

312 2475 435 2560 quibus
461 2473 736 2542 Bottermundius
763 2475 823 2540 etsi
850 2475 886 2540 in
918 2475 1113 2541 universum
1140 2481 1292 2541 amuratc
1319 2475 1394 2564 egit,
1422 2481 1538 2540 tamen

313 2581 552 2662 difficillimam,
576 2601 663 2668 quae
678 2581 720 2647 de
740 2582 857 2661 scriba,
881 2582 1155 2667 qui-nominatur
1179 2583 1335 2668 δαμόυιυς,
1358 2581 1465 2666 posita
1487 2588 1540 2647 est

312 2689 470 2773 quaestio,
495 2689 632 2755 omnino
663 2708 732 2753 non
759 2685 907 2775 attigit4).
953 2687 995 2752 In
1021 2687 1119 2753 titulo
1149 2687 1239 2753 enim
1266 2707 1287 2753 a
1312 2686 1430 2752 Rossio
1451 2688 1537 2754 Hell.

312 2814 345 2859 n.
369 2795 413 2860 46
435 2795 582 2880 primum
606 2792 693 2859 edito
715 2793 798 2858 haee
821 2798 966 2859 exstant:

737 3007 819 3041 αυταν
837 2996 890 3040 τῶν
906 2996 953 3049 τᾶς
971 2990 1023 3042 πό-

736 3074 811 3143 λ[ι]υς
832 3075 932 3129 δούλων
952 3074 1035 3129 Etit-

738 3163 826 3234 plerog
844 3165 1016 3237 γραμματεὺς

739 3249 878 3324 deprimor
897 3251 1051 3323 tepcrleoJc-

809 3343 872 3403 Διὸς
890 3339 1056 3419 Ἀταβυρίου,

403 3725 422 3792 l)
439 3725 499 3778 Iam
519 3725 684 3779 Newtonius
702 3726 733 3778 in
747 3725 887 3777 addendis
905 3724 942 3778 ad
960 3724 1074 3776 titulum
1091 3725 1142 3778 Br.
1163 3725 1236 3779 Mus.
1255 3742 1284 3779 n.
1303 3729 1355 3778 344
1374 3726 1540 3791 compositis

313 3814 458 3880 complura
480 3813 603 3880 nomina,
628 3814 751 3881 quaein
770 3813 954 3880 inscriptione
977 3829 1005 3865 n.
1029 3816 1081 3865 344
1102 3813 1295 3881 inveniuntur,
1321 3813 1407 3867 etiarn
1431 3813 1478 3868 hic
1496 3830 1540 3867 oc·

314 3917 423 3956 currere
446 3901 601 3969 perspexit,
624 3903 701 3954 unde
725 3917 809 3968 quam
833 3902 952 3955 feliciter
974 3902 1091 3954 nomina
1114 3902 1254 3968 quaedam
1277 3917 1378 3955 mance
1396 3902 1541 3968 perhibita

314 3990 500 4056 suppleantur
518 3990 666 4057 intellegis.
1294 4053 1298 4059 ,

401 4077 422 4144 ²)
440 4079 580 4146 Kuhnert,
598 4080 635 4132 de
653 4095 720 4132 cura
738 4083 895 4134 statuarum
913 4079 990 4145 apud
1009 4078 1142 4145 Graecos,
1160 4095 1188 4145 p.
1210 4082 1241 4131 11
1260 4076 1317 4143 (12)
1333 4079 1388 4131 hoc
1405 4077 1539 4143 neglexit.

402 4168 423 4232 ³)
441 4168 484 4220 De
501 4168 720 4235 magistratibus,
739 4170 788 4235 qui
810 4168 943 4221 dicuntur
961 4167 1133 4240 ἁγορανόμοι,
1151 4167 1218 4221 vide
1240 4181 1313 4233 quae
1331 4165 1385 4220 Βῆ.
1404 4168 1444 4222 Μ.
1462 4167 1540 4234 XLI,

313 4272 342 4323 p.
362 4259 414 4309 240
434 4257 561 4323 exposui.
687 4293 688 4298 .
849 4321 853 4328 φ

377 4387 380 4391 .
403 4343 423 4410 ⁴)
439 4345 489 4398 Br.
500 4343 575 4398 Mus.
587 4362 615 4398 n.
636 4349 686 4398 346
701 4365 733 4389 -·
747 4343 827 4411 Rosa,
846 4344 921 4399 Hell.
940 4361 968 4397 n.
988 4349 1036 4410 463
1055 4344 1105 4398 Br.
1122 4343 1197 4398 Mus.
1210 4360 1239 4396 n.
1253 4347 1306 4417 368
1318 4361 1345 4399 v.
1361 4347 1406 4411 1⁸3
1419 4345 1454 4398 cf.
1464 4343 1539 4410 Keil,

315 4431 419 4488 Philet.
438 4433 466 4485 II
486 4434 578 4501 suppl.
600 4431 697 4501 (1863),
721 4437 785 4501 612,
804 4433 936 4501 Fouoart,
959 4450 1042 4488 aaron
1066 4435 1124 4500 ret,
1143 4450 1170 4500 p.
1195 4438 1259 4499 1123
1284 4433 1402 4502 Iatderr,
1419 4433 1538 4504 Dionys.

315 4520 455 4588 Kttnatler,
473 4538 501 4588 p.
523 4525 573 4574 168
591 4537 619 4574 n.
639 4526 686 4587 61;
705 4522 830 4590 Nemee,
848 4522 899 4576 Br.
919 4521 1002 4589 Mna,
1022 4539 1049 4589 p.
1070 4526 1129 4574 121.
