3300 5142
33 627 34 630 Ἴ
113 535 255 623 cogitare
277 557 346 600 non
368 535 453 614 licet,
485 533 574 619 quod
597 533 634 598 'm
656 529 835 620 plebiscitis
862 551 991 617 semper
1016 531 1194 617 apponitur
1216 528 1332 616 ἱερέως,

113 643 168 709 cui
204 641 365 732 uocabulo
408 641 562 728 spatium
586 662 655 706 non
693 639 847 727 suppetit.
905 639 1049 704 Causam
1088 658 1235 724 quoque,
1274 659 1334 705 our
1451 686 1454 692 -

115 745 177 820 hoc
203 749 372 836 decretum
399 746 560 812 nauarchi
587 745 723 811 nomine
750 744 915 824 definitur,
940 744 995 812 vir.
1018 744 1074 810 ille
1100 744 1226 822 doctus,
1256 765 1333 825 cum
1368 738 1371 749 '

113 855 249 923 adrem
271 854 474 944 maritimam
495 835 674 938 gerendam
696 847 823 931 referat,
849 851 933 917 bene
958 852 1161 938 perspexisse
1183 849 1268 917 mihi
1290 850 1333 916 vi·

113 958 218 1027 detur.
253 960 405 1027 Fortasse
427 966 540 1026 autem
562 981 632 1024 non
654 957 750 1024 fallor
765 957 971 1023 nauarchum
988 958 1089 1043 etiam
1110 957 1159 1022 illi
1181 955 1334 1025 ecclesiae

114 1067 293 1152 praefuisse
315 1067 454 1160 ideoque
469 1065 615 1131 maxime
629 1085 754 1130 nomen
777 1063 848 1130 eius
869 1063 1065 1149 rescriptum
1081 1085 1153 1129 esse
1167 1063 1332 1150 colligens.

114 1172 205 1242 Alias
218 1173 307 1240 enim
319 1179 473 1260 prytanes
484 1172 518 1238 id
531 1171 678 1240 officium
691 1170 909 1246 sustinebant,
933 1169 1061 1247 Verum
1070 1169 1152 1236 haec
1161 1171 1333 1237 hactenus.

202 1279 386 1344 Praefectos
410 1279 522 1344 classis
552 1284 584 1344 et
614 1284 778 1364 praetores
801 1277 900 1364 plane
928 1277 1075 1371 diversos
1102 1277 1204 1343 fuisse
1230 1313 1274 1322 --
1299 1275 1334 1341 id

113 1385 205 1471 quod
227 1385 422 1451 Foucartius
437 1371 615 1470 negaverat
635 1375 681 1430 -’-
702 1389 788 1449 10010
808 1383 1101 1449 Bottermundium
1124 1382 1269 1450 effecisse
1290 1383 1334 1450 vi·

114 1491 234 1558 dimus.
257 1558 259 1562 ,
281 1491 407 1556 Tamen
431 1489 704 1556 Bottermundius
727 1489 875 1576 Appiani
896 1488 968 1555 loco
990 1486 1136 1575 (Syriaca
1159 1487 1213 1575 27)
1235 1490 1335 1555 nixus

1368 1280 1517 1354 στραταγοὶ.

113 1616 234 1684 parvae
249 1596 362 1664 classis
376 1598 463 1683 parti
476 1595 644 1662 interdurn
659 1601 823 1682 praetores
846 1595 1026 1682 praefuisse
1035 1590 1152 1683 'putat
1188 1596 1252 1662 Cui
1266 1618 1336 1663 sen·
1444 1676 1446 1679 Ι

114 1704 246 1772 tentiae,
259 1702 397 1768 minime
419 1701 614 1788 adstipulari
635 1722 780 1789 possum.
824 1690 1038 1787 Quamquam
1054 1703 1143 1768 enim
1166 1725 1208 1768 ex
1228 1703 1335 1782 titulo,

115 1831 217 1897 quem
240 1831 341 1898 supra
362 1809 560 1896 protulimus
583 1805 691 1894 (Arcto.
716 1790 785 1892 qu.
812 1811 907 1889 1881,
931 1831 962 1895 p.
990 1806 1074 1896 186),
1105 1809 1256 1875 eundum
1282 1809 1337 1876 ho·

117 1916 242 1982 minem
266 1916 401 1984 diversis
424 1915 628 2001 temporibus
652 1915 860 1984 0101000101
886 1915 988 2002 copiis
1015 1915 1222 2003 pedestribus
1249 1937 1338 2003 prae-

117 2023 262 2110 positum
290 2023 392 2105 fuisse
419 2023 648 2111 cognovimus
681 2009 795 2088 tamen
821 2023 934 2089 classis
961 2021 1107 2108 aliquem
1135 2022 1339 2110 praefectum

117 2134 284 2214 orparoqor
298 2151 320 2194 a
335 2129 475 2196 Rhodiis
491 2127 694 2222 appellatum
710 2149 780 2195 esse
795 2129 848 2196 his
872 2129 913 2195 de
927 2112 1035 2217 causis
1050 2151 1120 2196 non
1135 2128 1338 2196 crediderim.

119 2229 207 2300 Nam
229 2240 267 2300 ut
281 2233 317 2301 id
331 2235 464 2302 mittam
486 2236 695 2323 singularem
703 2235 798 2301 illum
814 2235 963 2322 Appiani<
974 2237 1086 2302 locum
1102 2259 1181 2317 esse,
1198 2238 1340 2303 auctoris

118 2339 162 2407 ab
185 2341 377 2410 hominibus
401 2341 505 2408 doctis
528 2360 683 2428 persaepe
706 2341 818 2429 carpti,
842 2343 1020 2429 ipsumque
1037 2344 1195 2429 praetoris
1218 2365 1341 2410 nomen

119 2449 272 2536 spurium
298 2446 394 2529 tradi,
423 2443 599 2514 manifesto
630 2469 671 2514 ex
697 2447 784 2515 Livii
810 2449 1016 2515 enarratione
1038 2449 1075 2514 in
1096 2449 1180 2516 libro
1198 2459 1342 2513 XXXVII
1428 2520 1431 2524 ,

118 2554 267 2620 exhibita
289 2559 425 2642 apparet
439 2554 633 2621 Eudamum
656 2575 829 2620 summum
846 2555 997 2621 Rhodiae
1012 2556 1124 2622 classis
1139 2557 1342 2643 praefectum

119 2662 221 2728 fuisse
243 2661 277 2726 h.
302 2683 328 2728 e.
353 2662 570 2727 nauarchum.
617 2660 755 2727 Accedit
781 2660 873 2746 quod
899 2661 1230 2743 navium-numerus,
1259 2684 1343 2749 quas
1368 2710 1370 2713 -

122 2766 295 2853 Appianus
317 2767 436 2854 viginti
458 2767 616 2854 quinque,
640 2766 754 2834 Livius
770 2765 890 2852 viginti
912 2767 995 2832 duas
1018 2768 1120 2859 fuisse
1142 2768 1261 2854 prodit,
1284 2770 1342 2835 mi·
1435 2794 1437 2797 ’

121 2872 212 2938 nime
233 2893 355 2960 paruus
378 2878 456 2951 erat,
479 2872 515 2937 id
538 2872 629 2958 quod
653 2873 776 2958 optime
799 2893 837 2938 eo
860 2871 975 2953 elucet,
999 2873 1090 2959 quod
1103 2874 1252 2941 Rhodios
1275 2897 1344 2962 per-

122 2999 219 3066 saepe
234 2977 341 3044 multo
356 2979 477 3044 minori
493 2979 630 3046 navium
645 2999 784 3046 numero
807 2980 993 3046 nauarchos
1012 2981 1205 3067 praefecisse
1221 2983 1344 3048 scimus

121 3080 173 3171 (cf.
198 3085 313 3152 Livius
337 3087 422 3164 3711,
447 3084 590 3172 Appian.
619 3085 766 3151 Mithrid.
788 3084 851 3172 25).
888 3087 1040 3174 Denique
1063 3087 1157 3154 facile
1179 3087 1347 3174 quomodo

122 3191 297 3278 Appianus
327 3191 363 3256 in
394 3191 498 3262 hunc,
514 3211 655 3256 errorem
684 3191 829 3259 incidere
859 3192 1002 3279 potuerit
1034 3193 1344 3260 demonstrabimus.

33 3377 35 3386 ζ
122 3294 236 3364 Livius
260 3296 350 3366 enim
371 3297 537 3384 inpugna
560 3297 671 3365 navali
687 3297 911 3378 describenda,
936 3299 979 3365 ad
1002 3321 1106 3386 quam
1124 3300 1271 3387 Appiani
1292 3300 1347 3367 ille

123 3398 214 3470 locus
244 3409 378 3493 spectat,
412 3403 495 3468 haec
526 3403 605 3468 facit
627 3405 728 3470 verba
756 3401 823 3490 (lib.
844 3415 988 3482 XXXVII
1011 3428 1038 3471 0.
1064 3406 1132 3493 291
1160 3409 1244 3474 «nisi
1261 3461 1267 3474 .
1287 3461 1293 3474 .
1313 3462 1345 3474 ..

124 3507 297 3576 Eudamus
319 3509 518 3596 Rhodiaque
541 3507 653 3576 classis
677 3510 903 3578 substitissent
923 3511 968 3578 ad
994 3517 1125 3593 terram,
1156 3508 1347 3582 1110101110

123 3603 341 3702 trepidatione
370 3613 628 3681 conscenderent
659 3622 692 3682 et
722 3623 761 3682 ut
791 3638 944 3703 quaeque
973 3624 1088 3704 parata
1119 3625 1216 3699 00001,
1245 3621 1348 3687 exiret

124 3721 228 3790 navis.
274 3722 326 3796 Ita
349 3727 381 3786 et
403 3721 588 3808 explicuere
610 3721 761 3788 ordinem
783 3723 910 3810 primae
932 3725 968 3790 in
988 3727 1347 3817 conspectupraetoris

124 3832 157 3893 et
180 3833 332 3892 coactum
358 3847 480 3914 agmen
506 3827 549 3894 ab
579 3828 718 3896 Rhodiis
741 3836 822 3896 esto.
867 3831 941 3896 Iam
973 3829 1001 3896 si
1033 3831 1198 3897 Graecum
1225 3832 1346 3898 horum

124 3931 302 3999 verborum
325 3939 518 4000 contextum
540 3932 631 4021 apud
653 3933 832 4026 Polybium
855 3936 1004 4003 similiter
1030 3921 1259 4024 comparatum
1285 3940 1347 4006 tibi

125 4039 290 4125 proponis,
314 4060 417 4126 quam
433 4040 528 4106 facile
546 4040 647 4106 homo
662 4043 774 4109 10111110
790 4049 937 4109 0110111110
951 4043 1152 4110 vocabulum
1168 4053 1345 4133 στρατηγός,

126 4145 215 4231 quod
224 4145 418 4212 Romanum
426 4153 608 4232 praetorem
617 4148 834 4238 significabat,
845 4149 1100 4216 deRhodiorum
1108 4151 1246 4218 navium
1257 4173 1346 4238 prae-

127 4251 210 4318 fecto
225 4253 412 4340 intellegere
434 4255 586 4340 potuerit,
610 4277 709 4322 nemo
729 4277 798 4322 non
820 4255 918 4323 videt.
954 4257 1072 4342 Itaque
1092 4255 1267 4344 Appianas
1282 4258 1346 4323 hoc

127 4356 179 4422 vel
194 4359 292 4425 simili
307 4359 380 4426 loco
391 4361 428 4426 in
443 4381 584 4426 errorem
599 4361 764 4429 adductus
779 4384 850 4430 esse
861 4363 1000 4428 videtur.
1034 4363 1131 4441 Quod
1146 4385 1223 4429 cum
1235 4364 1281 4428 ita
1293 4363 1345 4440 sit,

127 4482 169 4529 ex
191 4483 259 4531 uno
273 4465 339 4533 hoc
353 4466 500 4553 Appiani
514 4467 586 4534 loeo
601 4467 658 4534 1110
675 4468 919 4536 Bottermundii
941 4470 1052 4556 opinio
1068 4470 1197 4556 concipi
1219 4471 1343 4555 nequit.

1158 4579 1162 4583 .
1203 4573 1239 4628 4·
1331 4561 1337 4573 ι
