3300 5142
1581 365 2023 447 —62-.-

581 558 645 642 [ἦ
653 565 844 638 orata,
872 559 1007 624 fore
1031 565 1107 623 ut
1135 558 1302 624 haut
1323 579 1574 644 paucae
1595 552 1810 628 novae
1829 558 2288 645 inscriptiones
2310 557 2737 624 inveniamur
2765 576 3024 622 novum

582 666 593 730 a]
609 686 808 731 mne-n
851 664 982 730 illis
1009 664 1208 730 rebus
1239 663 1573 732 allaturae.
1602 680 1606 691 ’
1647 664 1869 741 Quid?
1915 687 2054 747 non
2090 666 2325 731 referta
2355 672 2455 729 est
2483 662 2801 749 acropolis
2832 661 3022 727 urbis

585 769 778 836 Lindi
823 771 1116 857 antiquis
1162 771 1634 850 monumentis,
1684 778 1763 837 ut
1796 772 1903 839 vel
1945 771 2157 838 obiter
2202 770 2541 837 effodienti
2584 768 2834 856 optima
2877 789 3027 854 pro-

581 878 749 962 ἤμει-ἰ
779 897 1120 943 successus
1151 877 1238 942 sit
1275 879 1464 963 spes?
1535 877 1727 956 Quae
1774 897 1928 944 cum
1972 879 2067 944 ita
2112 878 2263 956 sint,
2311 875 2382 941 id
2425 881 2693 942 tantum
2722 880 3024 961 poteram

581 1006 617 1046 n
630 986 665 1046 ii
681 982 745 1046 hi
789 1003 1166 1068 proponere,
1215 990 1294 1049 ut
1335 983 1408 1048 in
1438 983 1784 1051 materiem
1813 985 2005 1050 nobis
2052 990 2379 1051 servatam
2409 982 2496 1047 ad
2526 1002 2831 1060 normam
2861 981 3023 1046 artis

577 1118 610 1148 1:
621 1090 837 1177 ritieae
866 1089 1286 1174 inquirerem,
1336 1091 1715 1156 examinata
1759 1091 2023 1177 singula
2051 1088 2428 1155 testimonia
2464 1088 2558 1154 sic
2600 1087 3019 1168 iHustrarem,

581 1206 653 1258 ut
701 1196 935 1282 quanti
978 1196 1301 1262 momenti
1344 1196 1432 1263 ad
1475 1203 1696 1263 totum
1739 1198 2149 1284 propositum
2196 1201 2416 1262 essent
2460 1196 2758 1264 eluceret.

757 1301 928 1368 Sane
973 1310 1266 1369 extrema
1309 1302 1837 1370 adumbrationis
1882 1304 2284 1370 lineamenta
2338 1309 2497 1369 sunt
2542 1301 2768 1380 ducta;
2818 1302 3020 1367 etiam

581 1407 841 1490 singula
871 1408 1202 1494 quaedam
1247 1410 1551 1476 instituta
1581 1410 1783 1497 paulo
1816 1411 2053 1477 clarius
2084 1433 2120 1476 e
2150 1410 2455 1490 tenebris,
2490 1409 2735 1503 quibus
2781 1408 3024 1473 obruta

585 1514 890 1588 latebant,
949 1523 1297 1602 emergunt
1307 1539 1323 1594 ;-
1381 1516 1496 1582 sed
1551 1523 1717 1602 quot
1768 1538 1871 1584 res
1916 1517 2003 1582 ad
2059 1517 2435 1601 interiorem
2490 1515 2683 1601 quasi
2735 1514 3021 1581 civitatis

585 1638 657 1686 m]
673 1621 1120 1706 mperationem
1143 1629 1529 1708 spectanteS,
1563 1643 1737 1708 quae
1763 1623 2038 1690 demum
2070 1623 2352 1690 colorem
2375 1624 2653 1710 imagini
2673 1623 3018 1705 inducant,

581 1730 800 1792 :ulline
843 1727 916 1791 in
961 1727 1217 1794 occulto
1263 1727 1526 1794 abditae
1573 1729 2007 1796 delitescunt?

761 1834 1012 1901 Verum
1065 1840 1292 1900 tamen
1337 1857 1524 1921 spem
1569 1835 1685 1901 dat
1730 1836 2311 1924 archaeologorum
2356 1836 2547 1904 illud:
2615 1837 2790 1905 «dies
2837 1839 3019 1905 diem

585 1942 831 2006 difflui».

757 2047 844 2111 Et
887 2067 1094 2132 quam
1138 2047 1548 2134 praeclarum
1593 2049 1717 2116 erit
1760 2071 1992 2136 operae
2037 2051 2350 2137 pretium!
2397 2098 2400 2111 .

761 2152 997 2218 Nonne
1060 2154 1240 2218 enim
1302 2154 1669 2240 plurimum
1724 2161 1950 2221 nostra
2028 2155 2299 2222 interest
2359 2164 2581 2243 aperte
2634 2158 3019 2244 perspicere,

581 2258 825 2342 quibus
879 2257 1199 2325 institutis
1252 2279 1354 2324 res
1398 2260 1668 2346 publica
1689 2260 2127 2327 Rhodiorum
2172 2282 2213 2327 a
2258 2261 2523 2328 Graecis
2581 2262 3019 2344 democratiiS,

581 2386 753 2446 quas
780 2370 929 2430 tum
960 2371 1165 2443 erant,
1215 2364 1492 2446 differat,
1527 2366 1773 2452 quibus
1806 2368 2212 2448 confirmata,
2251 2368 2418 2434 dum
2445 2361 2674 2436 omnes
2708 2369 3024 2435 Graeciae

581 2470 874 2550 {ivitates
921 2478 1284 2552 senescant,
1333 2473 1526 2557 quasi
1569 2472 1843 2540 iuvenili
1888 2473 2118 2540 robore
2161 2475 2422 2561 vigeat?
