3300 5142
668 393 866 456 ,5.-

160 608 200 656 eo
223 587 432 675 conspicitur,
457 586 546 674 quod
571 586 768 672 scriptorum
784 587 886 653 verba
904 587 1099 672 plerumque
1121 584 1166 651 ad
1181 591 1269 665 certa
1291 591 1380 651 nota·

161 715 227 781 que
255 695 412 782 temporis
431 677 546 780 ¹spatia
572 692 683 788 referrri
713 701 864 780 possunt,
892 693 1100 779 singularum
1127 693 1379 778 inscriptionum

162 802 267 868 multo
284 801 391 894 rarius
403 805 550 887 possunt.
585 799 680 876 Quae
695 819 772 864 cum
784 800 831 865 ita
845 821 881 865 se
891 790 1047 880 habeant,
1064 798 1214 865 studium
1229 804 1380 864 nostrum

85 987 91 995 Ι
146 907 197 994 Ἰ111
220 927 258 974 eo
281 907 504 996 potissimum
519 912 656 992 apparet
682 925 753 972 esse
781 905 1022 985 collocandum,
1045 911 1084 970 ut
1106 925 1380 992 unamquamque

150 997 410 1101 inscriptionem
436 1012 607 1078 artissimis
634 1011 791 1098 temporis
817 1013 942 1078 finibus
970 1010 1293 1089 circumscribamus,
1323 1011 1380 1076 cir-

160 1120 397 1205 cumscriptum
427 1118 584 1184 adhibitis
620 1117 832 1185 fundamenti
867 1118 972 1184 instar
1003 1117 1201 1203 scriptorum
1236 1117 1380 1203 explora-

160 1225 296 1292 tissimis
319 1242 406 1312 quae
428 1225 472 1290 ad
494 1223 583 1290 idem
605 1231 747 1311 tempus,
766 1230 917 1310 spectant
943 1224 1139 1293 testimoniis
1167 1223 1378 1310 explicemus.

160 1329 244 1408 inde
268 1333 417 1411 efficitur,
441 1338 480 1396 ut
502 1333 698 1418 scriptorum
721 1331 822 1398 verba
849 1330 1120 1417 inscriptionibus
1143 1330 1239 1416 quasi
1265 1330 1380 1395 lumen

159 1439 310 1518 afferant,
334 1438 498 1524 accipiant
519 1438 620 1504 fidem
643 1437 890 1524 veritatemque.

250 1545 377 1612 Verum
401 1545 491 1610 enim
506 1565 583 1612 vero
603 1544 646 1610 ab
662 1544 756 1610 initio
779 1566 848 1610 non
865 1529 1058 1610 dubitamus
1074 1542 1216 1609 candide
1237 1542 1383 1629 profiteri

160 1670 219 1737 pro
242 1657 336 1716 tanto
358 1650 532 1717 titulorum
555 1649 763 1717 Rhodiorum
784 1672 925 1717 numero
940 1671 1122 1737 perpaucos
1145 1670 1215 1715 csse
1238 1670 1381 1734 quorum

159 1764 293 1844 tempus
315 1763 468 1823 aestuate
494 1757 598 1843 possit
620 1756 758 1822 definiri.
805 1757 881 1823 Hoc
909 1764 1023 1822 autem
1049 1755 1181 1822 duabus
1209 1754 1381 1821 decausis

161 1864 286 1930 factum
311 1871 369 1945 est,
385 1863 531 1950 primum
555 1863 646 1949 quod
668 1864 808 1931 editores
832 1864 874 1937 do
891 1863 1099 1949 singularum
1113 1863 1298 1929 litterarum
1321 1860 1381 1926 for*

160 1970 225 2036 mis
256 1971 309 2037 vel
341 1971 452 2056 potius
489 1970 530 2036 de
564 1977 636 2036 toto
672 1971 873 2036 litteraturae
906 1970 1026 2036 habitu
1059 1991 1133 2035 raro
1166 1967 1382 2034 reddiderunt

159 2076 331 2156 rationem,
356 2075 434 2142 dein
457 2075 547 2162 quod
570 2076 672 2142 ferme
695 2077 817 2142 desunt
838 2075 938 2156 tituli,
962 2077 1021 2161 qui
1043 2084 1103 2141 aut
1125 2074 1168 2141 ad
1190 2095 1242 2140 res
1265 2095 1284 2139 a
1308 2075 1381 2139 scri-

159 2184 309 2270 ptoribus
341 2189 489 2248 narratas
522 2189 670 2269 spectent
696 2190 755 2249 aut
786 2185 924 2248 nomina
953 2182 1090 2272 aliunde
1117 2189 1197 2248 nota
1228 2183 1378 2247 referant.

160 2286 277 2375 Neque
299 2295 412 2354 tamen
435 2310 485 2355 res
508 2311 641 2375 prorsus
665 2296 714 2355 est
737 2289 951 2376 desperanda,
980 2289 1016 2356 id
1042 2288 1134 2377 quod
1163 2289 1300 2354 fortasse
1326 2285 1380 2352 ali-

159 2396 236 2482 quis
259 2395 366 2483 primo
389 2395 510 2461 obtutu
533 2402 636 2482 putet.
683 2397 771 2462 Nam
799 2396 964 2482 plerisque
985 2392 1266 2482 inscriptionibus,
1296 2415 1381 2478 quae

159 2501 297 2588 quidem
319 2502 472 2568 instituti.
486 2501 529 2566 ad
551 2502 724 2588 publicum
746 2503 798 2568 ius
817 2489 1012 2590 pertinentis
1027 2502 1232 2568 mentionem
1247 2501 1379 2579 faciant,

160 2605 243 2676 adeo
266 2631 335 2674 non
358 2608 401 2674 ad
424 2608 556 2695 singula
578 2609 798 2694 interioraque
821 2615 860 2674 ut
882 2610 930 2674 ita
957 2609 1067 2675 dicam
1097 2606 1315 2689 descenditur,
1343 2613 1381 2671 ut

160 2717 226 2782 nisi
248 2721 394 2781 extrema
416 2721 578 2801 tanquam
600 2715 802 2806 lineamenta
817 2737 887 2780 non
910 2715 1084 2796 ducantur,
1109 2735 1203 2800 quae,
1227 2715 1380 2800 quamvis

161 2823 244 2889 varii
259 2844 354 2889 casus
370 2824 546 2900 evenirent,
571 2829 684 2888 tamen
706 2843 779 2888 raro
801 2821 1092 2887 immutationibus
1110 2827 1204 2888 eraut
1225 2820 1378 2886 obnoxia.

162 2927 299 2994 Accedit
321 2927 412 3015 quod
435 2927 559 2994 Rhodii
585 2927 663 2993 inde
690 2949 711 2993 a
740 2927 900 2993 Demetrii
930 2927 1177 3013 oppugnatione
1203 2948 1293 2992 anno
1316 2928 1382 2992 304
1401 2910 1431 2988 ’.

162 3037 250 3102 facta
271 3057 378 3121 usque
400 3035 444 3118 qd
466 3055 595 3099 1111111111
621 3036 681 3099 itt
707 3056 735 3099 1.
761 3033 821 3098 Oh.
846 3055 878 3098 n.
903 3031 946 3098 ab
962 3034 1117 3118 ,externis
1142 3034 1275 3121 populis
1297 3055 1381 3098 nun·

160 3163 265 3229 quam
288 3141 452 3208 sollicitati
474 3147 543 3206 tam
559 3140 738 3226 prudenter
760 3146 793 3205 et
807 3145 997 3205 constanter
1018 3177 1062 3185 -—
1083 3139 1120 3206 id
1142 3139 1233 3225 quod
1248 3121 1379 3226 saepius

161 3269 240 3314 cum
262 3248 318 3314 alii
341 3248 513 3334 scriptores
537 3253 609 3312 tum
625 3247 783 3333 Polybius
806 3254 982 3311 monet-
997 3246 1033 3311 111
1048 3245 1314 3334 administranda
1336 3267 1380 3326 re·

161 3353 297 3442 publica
319 3353 440 3421 versati
462 3360 550 3433 sunt,
578 3360 617 3418 ut
640 3375 694 3418 eos
721 3353 886 3439 graviores
913 3352 1077 3438 quasdam
1105 3353 1382 3419 commutationes

163 3481 200 3527 co
223 3467 372 3547 tempore
393 3461 508 3526 secisse
530 3459 573 3524 ab
592 3459 685 3524 omni
699 3458 930 3545 probabititatc
952 3459 1135 3525 abhorreat.
1171 3460 1289 3545 Itaque
1305 3480 1381 3524 oum

162 3563 225 3633 hoc
256 3567 468 3654 potissimum
499 3573 631 3652 tempus
662 3565 897 3630 commentatio
920 3571 1042 3635 ,nostra
1073 3571 1210 3651 spectet,
1240 3565 1283 3630 ad
1313 3585 1382 3650 per·

163 3662 285 3740 multas
308 3696 358 3740 res
383 3671 630 3739 constituendas
653 3671 752 3758 plane
779 3671 865 3737 nihil
893 3671 1012 3751 differt,
1044 3679 1158 3737 utrum
1188 3671 1305 3737 titulus
1327 3669 1382 3736 ali·

162 3779 238 3866 quis
261 3781 304 3846 ad
327 3781 496 3846 saeculum
519 3780 653 3846 tertium
676 3799 719 3844 111
743 3779 786 3844 ad
805 3777 943 3844 secundi
964 3779 1098 3844 initium
1117 3779 1160 3844 sit
1181 3776 1381 3844 referendus.

254 3886 465 3954 Commutata
488 3894 537 3954 est
559 3909 639 3954 sane
663 3909 701 3952 ea
723 3886 933 3953 Rhodiorum
956 3886 1105 3952 condicio
1128 3885 1275 3953 secundo
1298 3884 1383 3951 bello

162 3990 378 4060 Macedonico
401 3994 560 4060 confecto.
595 3995 712 4080 Neque
736 3993 825 4058 enim
844 3992 974 4078 Polybii
997 3993 1097 4059 verbu
1119 3993 1140 4058 l.
1158 3994 1210 4058 30.
1231 3994 1304 4071 6.1;
1329 3993 1381 4056 31.

165 4101 194 4166 7.
209 4129 299 4168 1111.
314 4122 356 4178 20;
381 4103 434 4166 33.
461 4103 510 4166 15.
524 4130 536 4168 1
559 4100 682 4186 legenti
698 4099 840 4165 dubium
856 4105 915 4177 est,
940 4100 1022 4184 quin
1037 4105 1112 4163 tum
1126 4098 1280 4178 Romani,
1306 4099 1399 4184 quia,
1522 4142 1525 4148 ,

163 4203 273 4272 Persei
296 4205 446 4293 partibus
464 4207 573 4272 favere
594 4205 719 4272 Rhodii
741 4204 950 4286 videbantur,
974 4226 1043 4270 non
1066 4205 1166 4270 modo
1189 4226 1275 4290 quae
1289 4225 1384 4270 com·

165 4311 299 4378 meandi
331 4313 667 4399 communicandique
700 4311 844 4377 rationes
870 4310 1110 4378 intercederent
1134 4312 1220 4376 inter
1251 4311 1325 4376 illos
1352 4317 1384 4376 et

166 4424 279 4502 gentes
302 4417 383 4484 alias
410 4420 687 4506 praescripserint,
712 4417 770 4483 sed
793 4417 893 4482 etiam
915 4417 1027 4502 aliquo
1050 4416 1150 4483 modo
1172 4418 1288 4504 populi
1310 4438 1384 4482 con-

166 4522 271 4590 tiones
283 4532 316 4591 et
326 4526 463 4592 fortasse
479 4526 579 4592 etiam
594 4524 716 4591 iudicia
727 4522 895 4591 vinxerint
905 4528 1006 4609 atque
1016 4524 1236 4609 represserint.
1257 4522 1385 4589 Verum
1457 4515 1461 4519 ’
1497 4606 1501 4613 ³
