3300 5142
239 1330 399 1417 publicis
408 1327 653 1416 perscrutandis
681 1349 814 1414 operam
842 1332 1023 1394 navareet
1054 1334 1183 1407 cuncta,
1214 1347 1301 1413 quae
1328 1326 1369 1392 de
1416 1371 1418 1378 ·

146 1457 262 1502 eorum
285 1437 356 1502 iure
378 1434 511 1522 publico
535 1434 667 1514 scimus,
692 1433 807 1500 ordine
823 1449 986 1520 exponere
1007 1434 1045 1500 in
1058 1438 1173 1500 animo
1195 1434 1368 1500 destinavi.

148 1540 211 1608 Per
226 1541 346 1628 quodt
347 1563 464 1628 empus
481 1563 558 1607 eum
574 1541 759 1627 complures
776 1541 1070 1608 commentationes
1085 1539 1228 1606 iisdem
1219 1563 1255 1606 m
1269 1541 1369 1606 rebus

150 1655 321 1716 versantes
339 1649 426 1714 foras
454 1647 521 1714 sint
550 1647 656 1726 datae,
680 1641 765 1729 nihil
787 1647 881 1713 iuvat
902 1645 1044 1713 candem
1071 1648 1242 1718 materiem
1264 1654 1370 1714 totam
1396 1643 1398 1647 ’

149 1761 293 1842 repetere
311 1759 537 1840 accurateque,
561 1774 647 1838 quae
670 1752 711 1818 de
727 1753 866 1838 singulis
879 1752 1013 1821 illorum
1030 1752 1191 1819 institutis
1206 1754 1370 1820 habemus

150 1868 325 1947 comperta,
360 1859 470 1928 denuo
500 1858 679 1926 ostendere.
725 1859 844 1944 Itaque
866 1859 1067 1946 plerumque
1088 1860 1124 1924 in
1156 1881 1194 1925 eo
1226 1860 1371 1946 acquies-
1428 1886 1431 1892 ⁴

150 1987 273 2047 cemus,
298 1973 337 2032 11
352 1985 429 2031 cum
451 1967 486 2031 in
509 1966 558 2045 iis,
584 1985 670 2051 quae
684 1965 838 2031 homines
854 1965 941 2030 docti
956 1965 1053 2031 nobis
1068 1965 1244 2032 videantur
1258 1968 1371 2032 minus

151 2081 238 2140 11111
261 2073 456 2160 disputasse,
480 2073 665 2160 periculum
688 2072 849 2140 faciamus
872 2072 1099 2153 emendandis
1123 2080 1198 2138 tum
1220 2094 1306 2160 quae
1328 2072 1372 2139 ad

151 2177 187 2246 id
209 2181 365 2266 temporis
388 2180 538 2265 neglecta
561 2184 648 2258 sunt,
673 2178 714 2244 (11
736 2179 777 2244 iis
798 2179 964 2264 quaedam
986 2180 1192 2265 proferamus
1214 2201 1312 2246 nova.

240 2285 453 2352 Paucissimis
474 2287 576 2372 igitur
591 2292 732 2366 tantum,
757 2308 845 2372 quae
861 2286 904 2352 de
921 2285 1129 2352 Rhodiorum
1152 2286 1252 2352 rebus
1274 2285 1373 2352 hodie

28 2472 29 2483 χ
153 2398 284 2458 exstant
306 2393 483 2458 hominum
506 2392 679 2459 doctorum
702 2414 809 2479 opera,
833 2393 931 2458 nobis
953 2399 1034 2460 sunt
1054 2392 1294 2480 perlustranda.

28 2493 29 2504 ’
142 2558 144 2566 ,
241 2499 526 2586 Atque'primum
554 2499 691 2584 quidem
721 2498 987 2579 memorandum,
1016 2521 1036 2565 a
1064 2499 1209 2565 Meursio
1231 2499 1267 2564 in
1289 2497 1374 2564 libro

152 2603 220 2685 illc,
245 2607 303 2690 qui
326 2605 517 2671 inscribitur
540 2605 645 2686 Creta,
673 2605 824 2686 Rhodus,
854 2605 992 2691 Cyprus,
1017 2604 1260 2671 Amstelodami
1288 2582 1400 2670 1675'

154 2709 251 2791 edito,
280 2733 366 2797 quae
393 2712 447 2777 hio
474 2712 540 2782 illic
570 2712 716 2799 dispersa
732 2713 965 2779 inveniuntur
998 2717 1148 2778 veterum
1178 2711 1375 2798 scriptorum

73 2905 75 2910 ,
153 2819 351 2898 testimonia,
377 2817 625 2904 diligentissime
648 2817 794 2903 quidem,
819 2817 877 2884 sed
899 2817 988 2882 illius
1011 2818 1167 2904 temporis
1190 2817 1375 2884 1111111111

154 2922 223 2988 ullo
255 2923 369 2989 ordine
398 2924 561 2992 iudiciove
589 2946 659 2992 esse
686 2930 850 3009 congesta.
903 2923 1032 2990 Deinde
1057 2923 1254 2990 Paulsenius
1285 2944 1375 2989 anno

158 3031 252 3110 1818,
269 3051 355 3116 quae
370 3031 535 3097 Meursius
547 3031 729 3117 collegerat,
745 3053 815 3096 non
831 3030 940 3096 solum
956 3030 1191 3117 circumspecte
1203 3030 1373 3116 disposuit,
1463 3087 1466 3093 .

155 3137 212 3202 sed
245 3139 343 3204 etiam
372 3137 603 3202 inscientiam
631 3137 771 3203 eontulit
800 3137 999 3223 augendam.
1050 3137 1161 3214 Quam
1189 3137 1375 3223 congeriem

155 3243 279 3329 optime
295 3243 342 3308 sic
357 3243 393 3309 in
409 3243 559 3308 ordinem
571 3242 747 3323 redactam,
765 3245 824 3330 qui
839 3244 907 3309 iam
920 3249 1099 3309 tractatum
1113 3244 1174 3310 ivit
1185 3243 1375 3310 Schneider·

156 3349 304 3420 wirthius
327 3349 361 3415 in
384 3349 477 3430 libro,
503 3350 557 3414 cui
575 3349 691 3423 titulus
715 3356 764 3416 est
784 3349 1000 3416 «Gescbichte
1023 3349 1081 3414 der
1102 3349 1191 3416 Insel
1213 3349 1372 3416 Rhodus»

26 3521 27 3526 ,
155 3477 245 3522 anno
264 3459 348 3522 1868
365 3457 556 3542 composito,
573 3457 633 3522 etsi
648 3455 813 3542 quaedam
830 3476 899 3521 non
910 3455 1084 3522 infeliciter
1098 3455 1246 3536 coniecit,
1262 3463 1376 3522 tamen

157 3561 193 3626 in
214 3563 408 3630 universum
424 3563 506 3628 adeo
530 3585 599 3628 non
621 3563 658 3628 in
676 3563 860 3628 uberiorem
879 3562 1026 3628 fructum
1049 3583 1190 3629 usumve
1206 3562 1375 3640 convertit,

158 3675 196 3732 ut
217 3690 325 3754 neque
348 3670 426 3735 artis
443 3669 572 3736 criticae
587 3670 760 3756 respiceret
777 3691 969 3756 progressus
992 3689 1101 3754 neque
1122 3669 1376 3756 inscriptionum
1406 3700 1408 3704 ⁴

158 3772 328 3840 adhiberet
350 3776 527 3863 purissima
553 3777 611 3842 1111
640 3776 969 3862 praeclarissimamre
996 3775 1153 3841 subsidia.
1200 3775 1376 3852 Quattuor·

158 3877 264 3944 decim
288 3881 423 3948 demum
440 3883 537 3948 annis
550 3867 634 3969 ¹post
656 3880 930 3947 Bottermundius
952 3881 989 3946 in
1004 3881 1231 3948 dissertatione
1253 3880 1315 3947 sua
1329 3883 1375 3948 in-
1416 3930 1419 3934 ι

157 3985 308 4072 augurali
335 3987 430 4052 Halis
458 3987 629 4054 Saxonum
660 3990 744 4054 1882
772 3988 958 4074 conscripta
984 3988 1079 4054 novis
1106 3988 1376 4074 inscriptionibus

25 4099 27 4156 t
55 4089 56 4094 ’
156 4090 292 4157 adiutus
317 4091 497 4158 denuo'ad
524 4094 673 4161 Rhodiae
701 4095 842 4161 civitatis
870 4095 1013 4164 formam
1044 4094 1295 4161 describendam
1322 4116 1375 4181 ag-

25 4207 26 4218 ’
155 4218 287 4284 gressus
311 4205 361 4263 est
383 4219 422 4263 ac
443 4199 570 4285 primus
594 4207 717 4266 certam
740 4201 902 4274 interioris
924 4201 1146 4288 reipublicae
1169 4207 1275 4267 status
1296 4202 1375 4267 ima-

155 4303 267 4390 ginem
292 4304 477 4371 delineavit.
525 4305 623 4382 Quod
639 4307 707 4372 etsi
729 4308 765 4372 in
781 4308 975 4374 universum
997 4307 1082 4373 bene
1104 4307 1179 4393 egit,
1203 4310 1373 4374 tamenin

155 4431 194 4476 eo
217 4411 508 4498 reprehendendus
530 4403 614 4476 mihi
632 4413 771 4493 videtur,
796 4413 887 4499 quod
909 4435 1018 4499 neque
1032 4435 1212 4479 numerum
1234 4419 1286 4479 sat
1307 4436 1374 4480 am-

154 4516 248 4602 plum
272 4518 446 4586 titulorum
473 4518 682 4586 Rhodiorum
709 4520 752 4586 ad
780 4521 913 4606 singula
939 4519 1197 4587 demonstranda
1224 4520 1372 4600 adscivit,

1270 4623 1304 4678 1·

150 1207 253 1412 8111
263 1223 409 1290 mulum
421 1243 498 1309 prae
499 1222 680 1308 erlapsum
692 1227 741 1287 es
758 1227 900 1309 t,empus
915 1243 956 1287 ex
967 1242 1034 1307 quo
1048 1219 1257 1286 Rhodiorum
1267 1219 1367 1286 rebus
1454 1211 1457 1219 ’
