3300 5142
680 382 877 446 ..7-

171 576 303 642 illorum
326 575 428 642 fuisse
444 574 600 642 videntur
614 575 775 656 instituta,
801 576 848 642 sic
862 595 932 640 una
946 580 1120 661 tamquam
1134 575 1281 662 imagine
1303 571 1602 690 0011111300οἫ

171 671 361 770 plectemur,
385 685 424 749 ut
447 703 533 768 quae
555 683 709 749 universa
732 702 847 748 eorum
874 681 972 748 fuerit
1001 682 1151 748 condicio
1177 657 1592 796 maximequecpniiiifflmsffi

172 810 250 856 eum
272 789 379 875 capite
401 788 546 854 stabilite
568 787 712 854 dilucide
735 793 901 875 appareat.
1403 764 1594 859 priliblddff'

692 963 868 1034 daminus.
919 1001 923 1012 ·

259 1107 370 1194 Atque
392 1108 499 1196 primo
521 1107 593 1173 loco
616 1105 657 1172 de
673 1106 916 1172 Camirensium
937 1107 1031 1192 pagis
1055 1107 1116 1173 erit
1138 1105 1387 1194 disputandum.
1423 1125 1447 1176 a)
1461 1124 1572 1167 omns.

171 1213 236 1282 Sed
259 1215 418 1301 quonium
440 1214 547 1300 primo
570 1213 690 1279 obtutu
713 1212 756 1277 ad
778 1213 842 1278 tria
863 1211 920 1277 illa
939 1212 1061 1300 oppida
1075 1213 1271 1299 pertinuisse
1288 1232 1391 1299 pagos
1418 1188 1446 1239 α)
1462 1187 1574 1239 ἅψῃ

111 1396 116 1410 ,
172 1321 380 1408 cognoscitur
401 1340 510 1405 neque
537 1321 725 1406 quisquam,
749 1317 814 1385 nisi
841 1339 1054 1384 communem
1081 1319 1209 1384 insulae
1236 1319 1417 1409 instituas·

172 1425 493 1513 contemplationem,
517 1447 587 1492 non
609 1447 705 1512 posse
727 1431 813 1492 recte
835 1425 975 1491 indicari
996 1432 1103 1511 neget,
1131 1425 1200 1492 iam
1221 1425 1328 1505 liceat,
1353 1431 1393 1490 ut
1456 1482 1458 1489 .

171 1533 321 1600 ordinem
350 1532 556 1619 disputandi,
585 1552 685 1618 quem
713 1531 812 1599 modo
839 1531 1005 1617 pollicitus
1028 1552 1114 1612 sum,
1142 1553 1292 1618 egressus
1321 1552 1391 1597 non

170 1645 304 1706 tantum
335 1638 376 1704 de
403 1638 659 1718 Oamirensium,
688 1638 746 1703 sed
774 1638 875 1706 etiam
902 1636 1099 1706 Lindiorum
1127 1636 1393 1724 Ialysiorumque

170 1746 264 1832 pagis
288 1746 455 1811 disseram.

260 1850 399 1917 Dudum
422 1873 463 1917 ex
478 1850 584 1918 titulis
599 1851 739 1916 Rhodiis
761 1851 914 1917 homines
937 1850 1026 1916 docti
1044 1850 1224 1917 effecerunt
1245 1850 1390 1918 insulam

171 1956 250 2022 inde
272 1957 315 2022 ab
335 1945 573 2043 antiquissimis
588 1941 792 2044 temporibus
818 1957 904 2023 haut
917 1977 1042 2044 paucos
1060 1958 1263 2024 continuisse
1277 1978 1390 2044 pagos,

172 2063 230 2148 qui
262 2063 380 2130 artiore
406 2063 553 2150 quodam
581 2065 714 2130 rinculo
742 2085 820 2130 curn
848 2084 917 2130 una
953 2085 994 2129 ex
1020 2063 1127 2150 tribus
1141 2053 1221 2129 'illis
1250 2063 1394 2129 urbibus

171 2176 280 2236 essent
307 2170 483 2236 constricti.
531 2169 716 2255 Significsri
748 2171 838 2236 enim
865 2189 967 2256 pagos
1001 2171 1170 2238 attributis
1196 2171 1275 2249 illie,
1305 2191 1393 2256 quae

171 2275 296 2361 ubique
326 2275 362 2340 in
393 2276 534 2342 Rhodiis
565 2277 837 2362 inscriptionibus
866 2276 1061 2343 nominibus
1093 2277 1217 2343 civium
1240 2278 1391 2363 apposita

171 2389 259 2461 sunt,
293 2382 346 2447 his
369 2382 573 2468 argumentis
606 2383 785 2448 certissime
813 2382 1029 2448 convincitur.
1075 2383 1226 2448 Primum
1254 2382 1391 2469 quidem

170 2488 206 2553 in
218 2488 374 2575 catalogis
386 2488 572 2555 Atticorum
584 2476 784 2556 tributorum
799 2489 887 2554 inter
897 2489 978 2555 alias
995 2489 1142 2562 civitates
1154 2496 1392 2556 enumerantur

170 2593 373 2679 Βρικινδάριοι
395 2593 428 2679 ἐρ
454 2594 562 2680 Ῥόδῳ,
586 2595 701 2682 Πεδιῆς
725 2594 760 2661 et
783 2594 886 2680 Λίνδῳ
910 2595 962 2662 vel
985 2594 1019 2678 ἐγ
1042 2593 1155 2663 Λίνδου
1178 2593 1229 2682 (cl.
1253 2596 1390 2676 thler,
1452 2607 1457 2615 “

174 2700 378 2768 «Urkunden
400 2723 458 2767 zur
481 2702 600 2768 Gesch.
624 2702 655 2768 d.
680 2701 813 2768 del-att.
834 2702 1003 2782 Eundem,
1019 2703 1100 2768 Aba.
1124 2703 1156 2768 d.
1179 2704 1267 2768 Berl.
1284 2705 1389 2769 Aliud.

173 2809 266 2885 1869,
290 2830 322 2893 p.
350 2809 413 2873 184
436 2815 468 2874 01
493 2809 576 2894 192),
607 2815 639 2874 01
662 2815 840 2874 occurrunt
871 2807 987 2873 eadem
1014 2808 1152 2873 nomina
1177 2829 1332 2895 persaepe
1354 2810 1390 2874 in

170 2912 344 2997 gentilitiis
366 2911 431 2978 illis
458 2913 607 2979 Rhodiis.
653 2913 782 2979 Deinde
811 2920 924 2978 autem
950 2915 986 2978 in
1012 2914 1093 2999 ipsis
1119 2915 1391 3002 inscriptionibus

171 3017 311 3082 Rhodiis
337 3040 407 3083 non
438 3040 510 3084 raro
538 3019 697 3084 attributa
724 3020 782 3085 illa
808 3026 1024 3106 opponuntur
1054 3020 1198 3086 ethnicis
1226 3021 1392 3109 Χαλκήτα,
1521 3050 1523 3053 ·

170 3123 460 3209 Καρπαθιοπολίτα,
484 3124 639 3210 Naupor,
663 3125 776 3212 Τήλιος
800 3127 881 3204 aliia,
907 3126 997 3192 unde
1023 3127 1095 3213 ipsa
1117 3126 1161 3191 ad
1184 3127 1390 3193 domicilium

173 3231 331 3318 respicere
359 3231 494 3316 cogitur.
545 3232 697 3318 Denique
724 3254 800 3299 vero
833 3254 909 3299 cum
940 3237 976 3299 in
1011 3232 1115 3298 titulis
1148 3233 1289 3300 Rhodiis
1311 3236 1389 3300 Rea.

171 3340 257 3404 0101.
285 3340 368 3404 1867
392 3338 425 3403 Π
448 3361 479 3425 p.
505 3341 658 3406 311171
684 3346 717 3419 et
732 3343 759 3423 j.
784 3341 824 3422 of.
849 3341 879 3406 lt.
902 3347 940 3406 st.
965 3340 998 3405 Π
1020 3361 1051 3426 p.
1077 3341 1142 3406 356
1165 3339 1260 3406 editis
1280 3341 1389 3407 verbis

171 3443 347 3530 Ποντωρεία
363 3450 395 3510 01
410 3443 540 3510 Νεττεὶα
557 3466 718 3532 pagorum
735 3447 874 3511 nomina
887 3445 1016 3526 dentur,
1033 3446 1197 3512 vocabula
1211 3446 1392 3531 Ποντωρεὸς

171 3549 388 3624 (11Νο1111111,
416 3571 502 3636 quae
529 3552 660 3640 saepius
689 3552 725 3617 in
755 3551 895 3618 Rhodiis
926 3551 1093 3638 lapidibus
1125 3552 1259 3620 obviarn
1293 3554 1389 3633 fiunt,

173 3677 276 3742 aeque
299 3657 463 3724 demotica
485 3679 555 3744 esse
577 3680 616 3725 ae
631 3681 717 3744 quae
736 3659 772 3724 in
790 3660 909 3726 iisdem
932 3668 965 3726 et
987 3661 1101 3727 ceteris
1115 3661 1220 3726 titulis
1235 3661 1393 3747 leguntur

172 3763 339 3844 attributa,
364 3765 544 3830 certissime
555 3766 730 3831 statuitur.

262 3869 337 3948 Qua
369 3869 567 3937 condicione.
592 3872 670 3958 pagi
699 3877 890 3958 veteresque
918 3873 994 3938 illae
1022 3880 1087 3939 tres
1110 3874 1217 3953 urbes,
1243 3894 1320 3938 cum
1343 3893 1393 3939 sa-

173 3997 304 4042 crorum
335 3977 480 4042 maxime
507 3978 660 4043 societate
691 3980 850 4044 niteretur
876 4000 915 4044 ae
942 3979 1204 4058 confirmaretur,
1233 3986 1304 4045 tam
1332 3979 1392 4046 diu

172 4085 427 4168 constanterque
449 4089 529 4148 sunt
544 4084 605 4164 usi,
629 4091 668 4149 ut
681 4105 724 4149 ne
739 4085 872 4150 condito
895 4084 1031 4171 quidem
1046 4086 1166 4152 Rhodo
1190 4087 1295 4173 capite
1318 4087 1391 4152 diri·

172 4196 317 4256 meretur
339 4195 398 4255 aut
420 4196 640 4270 evanescerst;
665 4191 787 4269 etenim
811 4191 988 4278 posteriore
1006 4213 1140 4278 quoque
1162 4200 1268 4260 aetate
1286 4193 1392 4260 maior

173 4296 322 4364 minorve
344 4297 381 4361 in
404 4297 560 4382 catalogis
582 4297 751 4363 invenitur
776 4319 939 4384 pagorum
967 4319 1126 4364 numerus
1149 4298 1394 4365 necessitudine

174 4402 318 4487 quadam
342 4425 419 4470 cum
441 4411 645 4490 unaquaque
666 4405 799 4470 illarum
822 4405 1028 4471 coniunctus.

261 4509 476 4596 Quamquam
503 4517 615 4577 autem
643 4509 742 4577 hodie
773 4511 926 4577 nondum
957 4513 1027 4578 fieri
1057 4519 1173 4599 potest,
1207 4519 1245 4577 ut
1276 4533 1392 4576 eorum
