3300 5142
801 372 1020 434 ...48-

302 563 416 648 positis
443 563 639 649 plerumque
670 570 805 630 senatus
836 567 963 630 mentio
995 567 1171 646 omittitur,
1204 567 1339 633 additur
1369 569 1405 634 in
1437 567 1529 634 Rho·
1618 600 1620 611 ·

303 670 432 735 diorum
457 671 578 740 civium
603 670 724 756 elogiis.
772 670 987 758 Quamquam
1015 673 1266 738 concedendum
1283 677 1342 739 'cst
1369 675 1407 738 iu
1432 673 1529 741 hisce

212 857 215 867 Ι
301 777 400 841 rebus
439 777 661 841 constantiam
694 797 753 862 per
790 797 906 842 omnes
944 776 1059 844 titulos
1096 778 1305 846 observatam
1341 781 1528 866 exspectari

301 903 369 947 non
390 903 496 968 posse.

388 988 517 1054 Deinde
535 993 646 1053 autem
662 987 763 1053 verba
781 993 976 1074 κυρωθείσας
992 993 1026 1054 δὲ
1049 1003 1105 1062 τᾶς
1121 997 1308 1078 συμμαχίας,
1328 996 1527 1076 κυρωθείσας

301 1097 334 1158 δὲ
358 1108 413 1168 τας
437 1097 605 1182 συνθήκας,
631 1094 773 1179 quaein
797 1095 928 1162 foedere
949 1097 1006 1162 illo
1029 1118 1107 1162 eum
1129 1097 1357 1183 Hierapytniis
1385 1098 1468 1164 inito
1491 1122 1522 1166 v.

203 1233 204 1241 .
302 1203 319 1265 7
344 1209 377 1266 et
400 1203 441 1266 86
464 1201 690 1282 inveniuntur,
716 1201 850 1268 brevem
873 1203 1013 1287 exigunt
1035 1204 1311 1290 explanationem.
1347 1203 1525 1271 Existimet

299 1307 374 1392 quis
398 1307 609 1373 enuntiatum
630 1310 828 1391 Ικυρωθείσας
852 1310 886 1373 δὲ
914 1322 969 1383 τᾶς
998 1315 1176 1396 συμμαχίας
1199 1310 1284 1375 nihil
1307 1309 1399 1375 aliud
1426 1311 1523 1397 signi-

299 1413 396 1479 ficare
412 1435 514 1499 quam
531 1421 726 1500 «postquam
739 1414 856 1481 foedus
869 1423 980 1480 ratum
996 1437 1066 1481 esse
1082 1417 1219 1503 coepit».
1244 1416 1291 1482 At
1304 1438 1380 1482 cum
1393 1417 1525 1484 foedera

172 1585 198 1594 ,,
299 1528 372 1585 tum
396 1519 532 1585 demum
556 1520 697 1598 valcant,
721 1521 859 1606 quando
880 1527 1019 1608 uterque
1042 1521 1185 1608 populus
1211 1523 1283 1588 iure
1310 1523 1451 1588 iurando
1472 1533 1523 1590 est

222 1650 223 1653 ¹
298 1627 472 1713 obligatus,
497 1627 551 1692 hic
576 1633 687 1692 autem
712 1628 753 1696 de
774 1615 846 1692 iure
868 1628 1010 1694 iurando
1033 1627 1170 1695 demum
1196 1635 1273 1715 post
1294 1629 1395 1696 verba
1421 1652 1519 1714 κυμιο·

299 1738 409 1806 θείσας
433 1737 466 1798 δὲ
490 1747 545 1806 τᾶς
562 1741 740 1822 συμμαχίας
762 1740 889 1820 agatur,
913 1757 988 1801 mea
1010 1735 1147 1821 quidem
1163 1737 1328 1802 sententia
1350 1757 1390 1801 ea
1410 1737 1519 1822 opinio
1618 1750 1620 1758 “

298 1841 430 1925 probari
456 1842 581 1927 nequit.
625 1841 732 1930 Alius
762 1841 899 1908 fortasse
929 1841 987 1907 illa
1014 1842 1116 1909 verba
1146 1863 1220 1908 cam
1251 1843 1287 1907 in
1323 1845 1522 1913 sententiam

298 1947 402 2032 accipi
416 1947 498 2027 vult,
523 1953 561 2012 ut
580 1948 739 2033 quoniam
753 1945 879 2016 Rh'odii
893 1947 1014 2013 decreti
1030 1955 1204 2015 contextus
1227 1951 1328 2015 etiam
1349 1951 1393 2016 ab
1409 1949 1522 2015 Hiera-

298 2053 422 2138 pytniis
445 2054 590 2139 oportuit
616 2053 756 2139 probari,
786 2053 830 2118 ad
857 2054 1069 2140 Hierapytnii
1094 2056 1209 2141 populi
1237 2055 1523 2122 confirmationem

297 2159 488 2226 referantur.
525 2159 653 2225 Verum
676 2181 718 2224 ne
740 2159 776 2224 id
794 2159 931 2246 quidem
954 2161 1131 2246 excogitari
1153 2183 1250 2248 posse
1272 2170 1305 2228 et
1321 2145 1429 2229 'verba
1450 2187 1522 2228 συν-

299 2279 428 2347 ενεγκεῖν
457 2261 589 2342 Ῥοδίοις
616 2271 669 2332 καί
697 2263 910 2350 Ἱεμαπυτνίοις
937 2270 975 2333 τὰ
1002 2269 1132 2341 δόξαντα
1158 2271 1226 2352 περί
1258 2281 1314 2342 τᾶς
1343 2276 1523 2356 συμμαχίας

299 2378 331 2437 et
361 2371 657 2459 Hierapytuiorum
690 2372 875 2459 legatorum
905 2375 1090 2461 praesentia
1120 2374 1248 2441 docent.
1294 2376 1411 2460 Itaque
1441 2396 1521 2440 cum

241 2537 244 2542 .
297 2479 407 2545 neutri
429 2482 580 2546 assentiri
607 2482 782 2568 possimus,
811 2481 896 2546 nihil
923 2488 972 2547 est
1000 2482 1176 2567 reliquum,
1201 2505 1304 2568 quam
1327 2490 1366 2548 ut
1392 2482 1441 2546 illi
1465 2503 1522 2568 po·

298 2585 451 2670 puliscito
478 2588 610 2653 maioris
637 2588 851 2674 magistratus
882 2589 1052 2654 sanctione
1079 2610 1163 2675 opus
1190 2590 1292 2656 fuisse
1324 2597 1520 2655 statuamus,

298 2693 370 2756 iam
398 2714 476 2758 cum
504 2693 545 2759 de
568 2677 801 2760 'Romanorum
829 2694 1078 2761 confirmatione
1106 2695 1181 2761 ideo
1207 2696 1352 2761 maxime
1379 2696 1521 2782 cogitare

299 2820 367 2864 non
389 2801 564 2884 possimne,
588 2795 679 2886 quod
702 2801 854 2866 Naberus
877 2803 897 2866 ί.
926 2803 946 2866 l.
970 2824 1002 2887 p.
1028 2803 1069 2866 88
1100 2802 1165 2867 hoc
1191 2802 1308 2868 foedus
1335 2823 1362 2867 c.
1391 2823 1518 2868 annum
1618 2824 1620 2873 ξ

300 2905 770 2973 eudociadensium
797 2907 968 2993 probabile
998 2907 1180 2995 reddidit1),
1211 2908 1332 2974 iterum
1360 2908 1404 2974 ad
1432 2909 1520 2975 illius
1618 2904 1620 2907 ’

299 3012 367 3079 sive
397 3013 524 3098 collegii
557 3015 625 3081 sive
656 3013 818 3081 contionis
847 3017 975 3098 κίρωσιν
1008 3035 1125 3079 sumus
1151 3013 1299 3100 relegati,
1327 3015 1381 3080 cui
1409 3015 1521 3082 Rhodi

298 3120 436 3206 aliisque
450 3120 486 3185 iu
502 3119 651 3208 (Doricis)
667 3120 855 3187 ciiitatibus
871 3142 1043 3186 summum
1058 3142 1169 3186 rerum
1192 3141 1359 3187 sacrarum
1374 3124 1521 3207 regimen

260 3269 264 3276 -
298 3227 399 3292 fuisse
422 3217 638 3294 commissum
661 3249 691 3312 p.
718 3229 759 3292 39
784 3249 832 3312 sq.
858 3226 1167 3293 demonstravimus
1208 3226 1283 3304 Quo
1306 3227 1407 3292 simul
1429 3247 1520 3313 argu-

298 3343 450 3402 mentum
481 3335 651 3400 effecimus
680 3334 788 3420 ipsam
815 3332 907 3397 illam
940 3334 1139 3399 sententiam
1167 3333 1316 3413 fulciens,
1341 3354 1408 3418 qua
1434 3335 1522 3399 hanc

298 3443 527 3507 auctoritatem
559 3439 623 3507 vel.
642 3439 686 3504 ad
712 3461 764 3505 res
796 3459 816 3504 a
843 3440 943 3505 sacris
974 3439 1075 3524 paulo
1107 3440 1297 3504 remotiores
1325 3439 1521 3524 pertinuisse
1618 3531 1620 3538 Ι

284 3535 497 3614 ¹credidimus
520 3546 561 3634 (p.
586 3545 709 3634 40241).

387 3709 406 3776 ¹)
424 3710 487 3772 Quo
498 3711 529 3762 in
541 3709 623 3762 titulo
635 3725 723 3760 unum
736 3722 876 3773 moneam,
894 3707 970 3772 quod
989 3707 1081 3759 adhuc
1093 3706 1188 3759 minus
1200 3706 1237 3758 ab
1250 3705 1415 3757 hominibus
1431 3706 1520 3759 doctis

298 3804 342 3853 cst
360 3799 472 3852 elatum.
510 3799 583 3850 Nam
602 3799 626 3851 si
644 3798 756 3850 confers
774 3813 819 3850 vv.
840 3801 873 3850 35
893 3813 934 3862 sq.
954 3793 1061 3848 είδὲιια
1085 3802 1166 3864 συοτᾷ
1189 3794 1307 3866 πόλεμος
1326 3792 1441 3856 Ῥοδίοις
1463 3794 1519 3845 ποτί

297 3909 354 3941 τινα
372 3896 422 3940 τῶν
442 3889 468 3940 ἐν
488 3886 626 3959 συμμαχίᾳ
646 3887 740 3939 ἐόντων
765 3884 963 3953 Ἵερατυτνίοις,
983 3883 1109 3957 εἰμίνκα
1132 3883 1302 3962 τολςμῶνται
1320 3881 1430 3942 Ῥόδιοι,
1451 3883 1516 3934 ἆτο-

299 3977 456 4030 στελλόντων
475 3979 520 4028 τὰν
540 3975 692 4047 συμμαχίαν
712 3972 828 4034 Ῥοδίοις
849 3972 1029 4045 Ἱσραπότνιοι,
1050 3971 1072 4024 εἰ
1083 3971 1111 4024 δὲ
1121 3992 1156 4024 κα
1175 3971 1323 4043 πολεμῶντι
1345 3972 1516 4039 κατάρξαντος

298 4067 416 4136 πολέμου
436 4069 474 4138 μὴ
496 4065 644 4134 ἐπάναγκες
668 4062 734 4116 ’ἔστω
755 4062 942 4136 Ἱεραπυτνίοις
960 4061 1131 4115 ἀποστέλλειν
1151 4061 1306 4133 συμμαχίαν
1325 4059 1438 4122 Ῥοδίοις
1454 4073 1517 4110 cum

298 4165 392 4218 verbis
408 4180 453 4218 vv.
469 4167 500 4216 73
515 4179 556 4229 sq.
571 4161 593 4214 εἰ
607 4161 635 4214 δὲ
650 4181 685 4214 κα
698 4161 815 4228 πόλεμον
828 4159 996 4226 statuaeve
1009 4156 1189 4230 Ἱερατίτνιο[ι
1203 4157 1262 4211 aori
1279 4175 1351 4218 τινας
1369 4145 1447 4231 dieb)
1462 4157 1519 4218 τὰς

298 4262 423 4327 Ῥοδίων
438 4270 571 4348 γνώμας,
588 4272 626 4342 μὴ
642 4269 789 4340 ἐπάναγκες
803 4265 869 4318 ἔστω
884 4265 996 4326 Ῥοδίοις
1010 4263 1182 4316 ἀποστέλλειν
1196 4264 1358 4335 συμμαχίαν,
1372 4261 1467 4314 suum
1479 4261 1520 4313 in·

297 4370 405 4436 tellegis
424 4369 522 4422 ambas
540 4367 603 4420 illas
622 4367 707 4418 urbes
725 4364 833 4417 nonin
856 4363 918 4430 pari
936 4361 1110 4416 auctoritatis
1132 4361 1221 4427 gradu
1249 4375 1313 4413 esse
1333 4358 1449 4424 positas,
1469 4359 1519 4412 aed

298 4461 398 4514 Rhodo
416 4465 552 4524 tanquam
576 4456 662 4522 capiti
682 4455 758 4508 illius
783 4453 942 4507 maritimae
964 4452 1106 4505 societatis
1124 4452 1189 4518 plus
1212 4451 1283 4502 iuris
1301 4463 1383 4514 quam
1402 4447 1520 4513 singulis

297 4549 357 4602 eius
375 4549 493 4601 urbibus
513 4547 600 4600 fuisse
622 4559 794 4598 concessum.
