3300 5142
817 357 1039 421 -..54...

407 550 447 614 ln
463 549 559 615 titulo
575 570 595 614 a
610 550 822 618 Sanmannio
837 570 991 638 expresso
1006 549 1060 638 (=
1076 551 1231 630 Frdbaca
1247 553 1343 617 inser.
1363 552 1402 617 dc-
1416 553 1553 620 Loucro
1611 572 1613 589 ¹

317 657 351 720 n.
382 657 422 722 27
448 653 667 744 [Ἀλεξίμαχος
696 655 921 742 Ἀρισταινέτου
949 665 1162 746 οτραταγήσας
1193 657 1229 723 ἐκ
1260 663 1376 723 πάντων
1410 661 1465 723 καὶ
1498 683 1549 725 ττ-

318 765 432 849 μαθεὶς
447 761 504 826 1πὸ
521 759 814 851 Καρτρέοψθεοῖς1)
831 764 1085 830 Aleximachum
1100 765 1202 830 fuisse
1220 763 1444 832 Camirensem
1455 763 1544 834 ‘curn
1611 780 1613 823 i

319 890 360 934 ex
373 875 442 934 toto
466 875 623 935 contextu
645 871 822 937 verisimile
835 878 895 936 est
916 878 990 937 tum
1006 892 1044 936 eo
1061 871 1229 958 probatur,
1253 870 1344 958 quod
1367 871 1545 939 ethnicum

318 975 489 1041 omittitur.
544 964 632 1040 Nam
663 975 910 1043 Camirensibus
941 998 1078 1045 suorum
1110 975 1233 1043 civium
1264 976 1410 1061 aliquem
1436 972 1545 1063 hono·

318 1081 470 1148 rantibus
496 1102 566 1146 non
593 1089 670 1162 erat,
699 1082 789 1168 quod
819 1083 947 1149 disertis
972 1083 1083 1150 verbis
1109 1103 1188 1148 eum
1214 1102 1285 1147 esse
1312 1081 1543 1150 Camirensern

319 1186 486 1252 adderent.

405 1294 490 1361 Item
512 1293 692 1375 hominem,
717 1295 776 1380 qui
791 1297 956 1362 BaMus.
980 1317 1014 1362 n.
1038 1296 1104 1361 353
1126 1295 1246 1381 legitur
1268 1292 1481 1382 στραταγήοατ
1502 1294 1543 1364 ἐκ

319 1405 445 1476 πάντων,
469 1399 697 1466 Camirensem'
716 1401 818 1468 luisse
841 1409 928 1468 certo
951 1408 1089 1468 constat.
1124 1401 1213 1466 Nam
1239 1401 1383 1466 utillud
1405 1401 1540 1472 mittam

318 1505 441 1572 Camiri
464 1527 538 1572 eam
560 1506 807 1592 inscriptionem
830 1508 1002 1575 inventam
1029 1525 1108 1587 esse,
1137 1496 1233 1573 tituli
1256 1514 1452 1594 argumento
1479 1509 1538 1575 ho·
1611 1526 1613 1563 ³

313 1611 439 1678 minem
454 1612 494 1678 iis
509 1613 757 1704 magistratibus
774 1620 806 1679 et
821 1614 1010 1681 sacerdotiis
1019 1614 1143 1681 Camiri
1156 1615 1338 1700 praefuisse
1349 1614 1538 1696 edocemur,
1611 1644 1613 1647 ·

313 1719 436 1803 quibus
458 1719 623 1806 prioribus
646 1720 851 1806 temporibus
874 1721 958 1786 nulli
980 1720 1045 1786 nisi
1067 1721 1172 1807 ipsius
1195 1720 1317 1786 Camiri
1340 1727 1400 1787 aut
1421 1743 1538 1791 eorum

311 1844 475 1911 pagorum
489 1826 616 1902 ineolis
641 1827 699 1911 qui
714 1832 810 1912 pacto
834 1826 913 1915 huic
927 1825 1004 1908 urbi
1018 1825 1167 1892 adiuncti
1182 1834 1285 1908 erant,
1305 1828 1426 1894 licebat
1440 1829 1538 1915 fungi

224 1954 226 1964 ⁴
312 1929 364 2017 (ef.
388 1955 420 2020 p.
445 1931 509 2019 27).
1411 1950 1415 1957 '

245 2118 246 2122 1
400 2039 472 2104 Iam
488 2059 573 2120 cum
596 2039 692 2104 illurn
714 2040 886 2105 hominem
909 2039 953 2105 ad
980 2039 1223 2123 Camirensium
1250 2041 1440 2106 societatem
1465 2061 1536 2128 per-

242 2179 244 2184 ·
312 2145 451 2211 tinuisse
466 2151 593 2212 certum
616 2147 667 2226 sit,
684 2147 795 2212 nescio
807 2168 856 2212 van
878 2147 986 2232 prima
999 2145 1088 2212 illius
1103 2147 1192 2213 tituli
1206 2146 1316 2226 verba,
1333 2167 1419 2232 quae
1433 2148 1536 2234 paulo

288 2309 289 2321 ,
312 2252 501 2332 obscuriora
523 2257 611 2330 sunt,
640 2253 769 2338 possint
796 2253 915 2318 sanari.
969 2251 1212 2338 Compendium
1236 2253 1325 2316 enim
1355 2244 1536 2343 scripturas

310 2364 351 2446 1ῐ1,
375 2357 467 2443 quod
482 2359 518 2422 in
533 2359 640 2444 primo
658 2377 757 2424 versu
771 2359 948 2438 invenitur,
965 2380 1044 2424 oum
1059 2359 1095 2423 in
1109 2357 1248 2423 Rhodiis
1263 2357 1535 2444 inscriptionibus

312 2463 508 2550 compendia
530 2466 663 2530 tantum
685 2463 729 2528 ad
745 2462 963 2550 significanda
985 2471 1045 2530 aut
1059 2464 1275 2550 praenomina
1290 2470 1349 2530 aut
1371 2464 1534 2534 demotica

311 2571 540 2651 adhibeantur,
565 2571 630 2636 nisi
652 2571 716 2636 hoo
739 2570 930 2658 exemplum
947 2570 1140 2657 excipimus,
1164 2577 1223 2636 aut
1237 2569 1460 2658 praenominis
1475 2578 1535 2639 aut

312 2677 466 2745 demotici
494 2677 768 2764 significationem
794 2677 976 2763 'complecti
1004 2679 1139 2744 necesse
1168 2684 1226 2744 est.
1278 2677 1343 2744 Sed
1373 2677 1532 2764 quoniam

310 2785 412 2871 patris
435 2784 564 2850 nomini
586 2804 755 2869 nusquam
777 2785 860 2850 solet
882 2784 1048 2870 praemitti
1065 2804 1267 2871 praenomen
1289 2782 1342 2869 (cf.
1366 2783 1426 2848 Br.
1443 2783 1531 2852 Mas.

310 2913 343 2955 n.
362 2888 447 2975 3441,
465 2890 661 2976 compendio
676 2895 704 2978 ld
719 2891 921 2981 demoticum
938 2889 1115 2978 significari
1137 2891 1294 2976 sequitur.
1331 2891 1442 2975 Atque
1456 2910 1530 2958 cum

311 2997 353 3062 de
369 2997 552 3062 Camirensi
566 2986 737 3064 communi
752 3004 879 3084 agatur,
896 3004 956 3064 aut
970 2998 1107 3070 Πολίτας
1121 3004 1181 3062 aut
1195 2997 1374 3083 Ποντωρεὺς
1389 2994 1532 3082 intellegi

311 3109 427 3190 potest.
475 3103 562 3169 Cum
588 3098 701 3170 autern
729 3103 847 3170 titulus
869 3104 913 3170 ad
934 3125 1044 3170 unum
1069 3104 1240 3169 hominem
1271 3109 1403 3190 spectet,
1432 3101 1532 3167 altero

311 3230 407 3277 versu
418 3231 495 3276 eum
505 3209 682 3297 adoptione
691 3210 734 3275 ad
746 3210 845 3276 adam
858 3210 1017 3278 familiam
1029 3211 1198 3276 transiisse
1205 3211 1424 3300 perscriptum
1433 3208 1532 3274 iuisss

253 3381 255 3386 ,
311 3337 443 3383 necesse
466 3322 524 3382 est.
560 3317 605 3382 Et
627 3316 763 3403 quidem
787 3338 865 3383 cum
887 3339 1011 3392 nomen
1034 3317 1181 3402 Στλὺριος,
1204 3317 1269 3382 nisi
1287 3315 1414 3403 egregie
1429 3315 1531 3396 fallor,

312 3442 480 3507 nusquam
506 3423 588 3488 alias
619 3423 656 3488 in
682 3423 821 3490 Rhodiis
848 3425 1118 3510 inscriptionibus
1148 3424 1284 3490 obvium
1311 3425 1363 3502 sit,
1394 3429 1427 3488 et
1458 3427 1533 3488 ante

231 3571 236 3586 .
313 3523 548 3614 Ἀριοτ1αινέτοο
561 3535 600 3595 ut
611 3537 688 3595 ante
704 3527 962 3616 Ἀριστοκράτεος
978 3530 1069 3596 aliud
1084 3553 1212 3648 nomenv
1222 3515 1411 3618 praemissis
1426 3528 1533 3595 verbis

313 3649 390 3717 καθ’
406 3650 562 3730 detector,
578 3654 791 3740 probabiliter
806 3676 864 3740 per
879 3654 1114 3740 compendium
1130 3653 1220 3720 ΚΑΘ
1244 3654 1384 3720 exaratis
1402 3651 1453 3740 (cf.
1474 3654 1531 3722 ar.

313 3761 402 3824 Mas
427 3781 459 3824 n.
485 3759 551 3824 344
573 3781 603 3826 v.
630 3763 681 3840 21,
707 3763 747 3825 31
773 3760 856 3848 etc),
881 3763 1060 3851 evanuerit,
1084 3782 1200 3827 vocem
1216 3760 1354 3845 Σιλορὶοο
1376 3759 1535 3846 lapicidae

313 3885 419 3932 errore
453 3888 512 3952 pro
544 3865 747 3954 Σι1β1ο1θ11οο,
780 3869 871 3954 quod
903 3867 1093 3962 Camirense
1121 3865 1323 3932 demoticum
1355 3865 1457 3930 fuisse
1487 3871 1535 3933 est

315 3963 450 4052 certum,
479 3973 620 4054 incisam
643 3994 714 4040 esse
735 3975 931 4060 putaverim.
967 3974 1084 4059 Neque
1106 3960 1177 4038 iure
1195 3992 1343 4059 opponas
1366 3972 1396 4036 ei
1417 3971 1534 4040 rationi

314 4078 492 4165 lapicidam
514 4079 697 4145 litterarum
721 4080 953 4146 distributione
975 4081 1117 4166 figuram
1140 4079 1312 4165 quandam
1335 4077 1461 4144 efficere
1483 4097 1534 4144 vo·

314 4185 423 4266 luisse,
448 4187 586 4270 eiusque
608 4186 866 4278 concinnitatem
881 4188 927 4252 ‘et
953 4187 1103 4253 ordinem
1129 4186 1265 4266 turbari,
1294 4187 1322 4250 si
1349 4190 1427 4251 ante
1450 4180 1537 4268 Ἀρι-

220 4353 223 4356 ,
316 4291 479 4378 οτ1αινὲτοο
509 4289 834 4378 ο1Ἀριοτ1ο11ράτεος
865 4293 932 4359 duo
964 4293 1016 4361 vel
1042 4293 1105 4357 tria
1133 4292 1216 4357 haec
1243 4291 1406 4359 vocabula
1437 4290 1536 4357 fuisse
1611 4362 1613 4391 Ι

316 4405 527 4464 statuamus.¹
558 4398 645 4464 Nam
661 4420 730 4464 non
746 4400 855 4466 solum
870 4399 1035 4486 permulta
1056 4398 1192 4485 proferri
1214 4403 1355 4484 possunt
1376 4398 1534 4484 exempla,
1611 4396 1613 4501 1

316 4525 401 4590 quae
424 4525 492 4570 non
509 4525 638 4592 semper
659 4505 780 4572 horum
794 4507 969 4572 titulorum
983 4504 1085 4573 verba
1104 4507 1140 4570 in
1155 4505 1282 4591 figurae
1295 4504 1438 4591 speciem
1452 4525 1534 4574 com·
1611 4512 1613 4631 1
