3300 5142
558 344 1104 448 ·--'33-''

158 577 242 643 illud
263 577 333 644 fieri
360 578 525 665 potuerit?
570 576 645 654 Quo
672 577 772 642 etiam
799 575 1044 644 Bottennundii
1071 577 1235 643 sententia
1262 577 1375 643 confir·

159 691 276 765 matur,
294 685 352 769 qui
367 684 548 750 nonnullos
564 681 677 750 demos
695 683 834 749 nomina
848 705 869 748 a
882 683 1097 750 nobilissimis
1112 682 1276 769 gentibus,
1290 705 1376 768 quae

158 790 193 854 in
215 790 255 854 iis
277 791 485 870 habitabant,
510 789 644 856 duxisse
667 795 786 856 censet.
1286 772 1291 780 ¹

244 895 338 962 Haec
361 904 449 977 sunt,
474 917 559 982 quae
575 896 616 962 de
632 896 763 963 duabus
777 896 893 984 populi
908 896 1207 976 distributionibus,
1231 916 1373 981 quarum

157 1003 244 1088 prior
267 1002 432 1084 domicilii,
456 1003 649 1090 gentilitatis
671 1003 774 1068 altera
795 1003 957 1068 rationem
980 1003 1135 1082 habebat,
1158 1023 1324 1068 moneam.

245 1109 370 1188 Restat,
394 1116 432 1174 ut
454 1109 615 1176 rationem
637 1109 673 1174 in
697 1101 969 1175 administrandis
990 1109 1089 1174 rebus
1116 1108 1258 1194 publicis
1281 1129 1404 1180 usur-o
1417 1131 1586 1194 demtionem

156 1221 269 1302 petam
301 1204 508 1282 adumbremJ
554 1215 653 1293 Quod
682 1221 805 1296 tamen,
838 1237 917 1281 cum
944 1215 1104 1290 Kuhnius
1131 1215 1168 1280 in
1194 1215 1278 1281 libro
1301 1184 1579 1296 suo,i·edii²u'sniiiriiiiil⁸

157 1343 259 1408 quem
291 1323 420 1409 saepius
452 1322 677 1402 laudavimus,
716 1329 845 1408 partem
863 1341 996 1408 ¹⁴operae
1027 1321 1219 1408 susceperit,
1258 1323 1373 1408 paucis
1419 1298 1541 1387 numera.

157 1427 360 1496 absolvam
880 1479 883 1485 .
1384 1427 1387 1433 ’

242 1535 296 1600 Ex
318 1535 423 1601 titulis
443 1557 543 1622 supra
557 1535 692 1622 prolatis
708 1538 782 1601 luce
797 1533 918 1600 clarius
933 1539 1069 1620 apparet
1083 1535 1208 1602 incolas
1224 1543 1373 1602 veterum

154 1639 288 1706 illarum
310 1640 446 1708 urbium
469 1663 689 1728 quaecunque
711 1641 755 1706 ad
776 1641 940 1708 rationem
967 1662 1045 1706 cum
1072 1642 1216 1706 externis
1241 1643 1374 1728 populis

153 1745 421 1831 intercedentem,
446 1748 488 1815 ad
508 1769 579 1814 rem
600 1748 787 1827 militarem,
816 1747 960 1832 denique
982 1753 1022 1813 ut
1042 1747 1089 1812 ita
1112 1747 1230 1827 dicam,
1255 1749 1299 1813 ad
1322 1770 1372 1814 ex·

155 1855 306 1919 teriorem
328 1855 376 1920 rei
397 1855 551 1942 publicae
569 1855 711 1920 formam
727 1853 931 1940 spectabant,
956 1875 995 1919 ea
1009 1855 1123 1919 omnia
1137 1853 1181 1919 ad
1196 1875 1374 1921 commune

153 1960 282 2026 insulae
318 1968 418 2048 caput
450 1961 670 2040 transtulisse,
707 1959 882 2027 retinuisse
919 1960 1025 2026 solam
1059 1961 1164 2046 ipsius
1201 1961 1375 2048 municipii

154 2066 408 2134 administrandi
439 2073 644 2155 potestatem.
691 2067 803 2152 Atque
835 2087 915 2132 cum
946 2066 1105 2132 maiorem
1139 2072 1173 2132 et
1205 2087 1308 2152 opum
1341 2075 1375 2133 et

155 2173 261 2240 laudis
283 2181 411 2260 partem
433 2175 620 2240 celebritate
642 2173 843 2260 templorum
866 2179 899 2238 et
921 2172 1122 2238 solemnium
1139 2174 1207 2238 sint
1221 2176 1371 2254 assecuti,

153 2301 238 2349 num
268 2281 392 2346 mirum
414 2281 557 2362 videtur,
582 2279 673 2366 quod
695 2285 770 2366 post
798 2285 998 2367 συνοικισμόν,
1022 2300 1099 2346 cum
1121 2280 1188 2344 iam
1212 2301 1281 2345 non
1304 2282 1373 2346 suis

153 2386 300 2472 ipsorum
338 2377 467 2473 legibus
500 2394 684 2466 uterentur,
721 2407 856 2452 omnem
886 2406 1000 2452 curam
1032 2385 1304 2472 diligentiamque
1337 2388 1373 2454 in

153 2496 253 2561 sacris
269 2493 414 2562 colendis
429 2494 632 2581 posuerunt?
670 2493 745 2571 Quo
767 2492 815 2572 fit,
839 2493 936 2557 utin
958 2490 1090 2558 illarum
1113 2491 1248 2558 urbium
1263 2493 1368 2559 titulis

152 2621 222 2668 non
244 2608 362 2688 agatur
383 2601 448 2666 nisi
470 2600 511 2666 de
534 2620 702 2666 sacrorum
724 2598 834 2678 cultu,
858 2597 900 2663 de
922 2599 1178 2684 magistratuum
1200 2598 1367 2681 electione,

153 2707 194 2772 de
215 2707 414 2787 honoribus,
448 2707 570 2794 quibus
593 2706 746 2772 homines
776 2705 818 2770 de
848 2705 1020 2770 communi
1042 2705 1126 2771 bene
1149 2705 1256 2771 meriti
1279 2727 1367 2772 exor-

153 2821 284 2880 nantur.
317 2814 426 2892 Quid?
442 2813 533 2899 quod
544 2814 617 2899 ipsa
631 2813 887 2897 magistratuum
898 2810 1037 2876 nomina
1047 2811 1161 2897 paucis
1173 2813 1316 2899 exceptis
1328 2812 1371 2878 ad

154 2941 262 2986 saera·
278 2927 411 3006 tantum
443 2919 600 2986 faciunda
631 2918 833 3004 respiciunt?
886 2917 990 3002 Atqui
1019 2937 1098 2982 cum
1126 2917 1267 2984 dubium
1300 2940 1371 2984 esse

153 3048 223 3094 non
253 3028 366 3115 possit,
400 3027 483 3112 quin
514 3007 642 3112 praeter
673 3024 734 3090 hos
767 3024 868 3090 etiam
890 3023 947 3089 alii
969 3023 1101 3106 fuerint,
1135 3025 1194 3110 qui
1214 3025 1371 3111 profanas

153 3133 341 3198 communis
375 3153 427 3198 ree
463 3137 625 3210 curarent,
658 3129 836 3196 manifesto
868 3128 975 3195 elu'cet
1004 3151 1083 3216 prae
1104 3131 1154 3209 iis,
1190 3132 1249 3215 qui
1271 3132 1371 3196 sacris
1404 3138 1406 3143 “

152 3239 251 3306 rebus
267 3260 401 3327 operam
416 3237 595 3316 navabant,
613 3257 728 3302 omnes
744 3242 867 3302 ceteros
882 3235 1081 3302 obscuritate
1093 3237 1194 3303 fuisse
1205 3236 1371 3304 demersos

151 3347 203 3427 (cf.
220 3349 281 3413 Br.
294 3348 383 3413 Mae.
401 3367 434 3411 n.
449 3347 512 3412 357
526 3367 557 3411 v.
574 3345 618 3411 40
633 3355 690 3409 τῶν
709 3342 811 3429 ἱερέων
828 3349 881 3408 καὶ
893 3355 950 3408 τῶν
973 3342 1134 3428 ἱεροθυτῶν
1147 3347 1200 3408 καὶ
1214 3342 1371 3428 ἱεροποιῶν

153 3457 205 3518 καὶ
228 3465 284 3520 τῶν
309 3453 491 3518 ἄλλωντῶν
516 3450 564 3516 ἐπὶ
587 3456 624 3516 τὰ
647 3456 735 3517 κοινὰ
757 3448 971 3537 τασσομένων).
1320 3517 1322 3520 ,

241 3559 334 3626 Haec
353 3558 534 3626 multitudo
550 3559 805 3644 magistratuum
820 3558 921 3622 sacris
939 3557 1193 3637 consulentium,
1210 3558 1371 3642 quoniam

153 3666 218 3731 nisi
234 3666 386 3732 homines
401 3666 567 3734 veteribus
590 3686 631 3730 ex
646 3663 801 3750 gentibue
817 3662 950 3728 oriundi
964 3684 1034 3729 non
1049 3663 1247 3729 creabantur
1261 3685 1370 3749 neque

153 3772 309 3838 salarium
324 3773 552 3860 praebebatur,
569 3773 642 3858 ipsa
657 3770 826 3850 suadebat,
844 3777 882 3835 ut
898 3771 997 3835 etiam
1011 3791 1173 3856 pagorum
1188 3770 1315 3838 incolae
1327 3772 1370 3835 ad

152 3899 207 3943 eos
230 3877 370 3944 honores
386 3878 646 3944 admitterentur.
676 3876 741 3942 His
756 3877 895 3960 aliisque
911 3876 952 3941 de
970 3877 1079 3942 causis
1095 3877 1212 3957 evenit,
1230 3885 1269 3942 ut
1284 3899 1369 3943 com·

151 3984 262 4070 plures
285 3986 361 4071 pagi
374 3985 453 4050 inde
468 3984 510 4050 ab
525 3985 620 4050 initio
636 3984 753 4049 artiore
768 3983 902 4051 vinculo
918 4003 996 4048 cum
1010 4003 1080 4047 una
1095 3996 1137 4048 e'x
1150 3982 1214 4048 illis
1230 3983 1369 4049 urbibus
1434 3987 1439 4000 '

152 4093 438 4177 coniungerentur.
479 4090 606 4168 Quodsi
625 4091 666 4156 de
681 4111 715 4155 re
731 4090 900 4176 agebatur,
925 4110 1010 4174 quae
1033 4090 1076 4154 ad
1098 4096 1207 4155 totum
1231 4094 1369 4177 οὑστημα

152 4198 335 4283 pertineret,
357 4197 509 4263 omnium
525 4197 733 4263 demetarum
749 4197 858 4261 contio
872 4197 909 4261 in
924 4197 1030 4282 capite
1046 4197 1217 4275 societatis,
1235 4195 1367 4276 Camiri,

153 4304 260 4384 Lindi,
273 4303 374 4392 Ialysi
383 4303 491 4368 fiebat.
512 4304 709 4389 Perpetuam
719 4308 831 4367 autem
841 4298 955 4368 curam
965 4308 998 4366 et
1005 4302 1189 4367 custodiam
1200 4323 1367 4368 sacrorum

153 4417 285 4498 senatus
300 4417 500 4476 mastrorum
511 4408 714 4489 intendebat,
731 4411 843 4494 quiex
857 4408 1014 4474 omnibus
1030 4408 1134 4482 demis
1150 4413 1230 4473 κατὰ
1246 4414 1368 4482 κτοίνας
1411 4489 1416 4496 ¹

152 4516 245 4581 electi
266 4517 302 4582 in
324 4516 545 4602 clarissimum
568 4517 683 4602 capitis
705 4515 869 4601 templum
885 4516 1134 4581 conveniebant.
1171 4516 1216 4580 At
1231 4524 1368 4600 quaerat

205 4629 415 4682 Schumecher,
430 4631 464 4674 De
477 4631 534 4682 Rep.
549 4629 626 4672 Rhod.
640 4630 817 4674 commentatio.
1245 4627 1260 4673 3
