3300 5142
782 399 916 481 ...ρῳ
961 433 1005 445 ...

283 591 380 658 titulo
403 589 660 678 supralaudato
683 599 827 679 apparet.
875 591 970 670 Quae
992 550 1146 678 quamvis
1167 613 1275 678 pauca
1290 592 1366 672 sint,
1389 599 1504 661 tamen

283 697 375 783 quod
396 696 438 762 de
466 697 664 764 Oamirensis
693 698 837 766 civitatis
863 699 971 765 forma
996 699 1032 764 in
1059 699 1254 764 universum
1281 698 1436 780 diximus,
1468 699 1505 766 id

284 805 383 871 etiarn
406 804 449 870 ad
475 793 672 890 Ialysiorur'n
696 805 885 871 societatem
907 804 1019 871 referri
1041 825 1137 891 posse
1160 804 1351 870 ostendunt.

825 963 973 1030 Lindus.

112 1113 134 1166 ο)
147 1114 241 1157 nnana.
370 1089 441 1155 Iam
469 1095 678 1155 transeuntes
710 1087 754 1154 ad
779 1088 975 1154 Lindiorum
1007 1088 1174 1154 civitatem
1207 1087 1425 1171 tractandam,
1461 1089 1505 1158 de

73 1185 273 1259 οιἨδνδῶῦυῑῡΰ·
287 1218 356 1284 qua
377 1197 475 1282 longe
496 1194 659 1282 plurimae
682 1200 814 1260 exstant
827 1194 1067 1280 inscriptiones,
1089 1194 1170 1260 item
1184 1194 1331 1281 primum
1345 1192 1387 1260 de
1402 1191 1505 1261 diver-

285 1304 330 1370 sis
351 1302 466 1389 populi
490 1300 691 1367 discribendi
713 1300 1066 1386 rationibusagcmus.
1250 1305 1253 1309 '

370 1409 478 1496 Supra
499 1429 530 1494 p.
557 1410 575 1473 7
600 1429 671 1494 sqq.
696 1406 833 1472 Lindios
856 1427 990 1495 quoquc
1014 1406 1202 1473 secundum
1219 1404 1378 1472 domicilii
1400 1427 1504 1474 sacro

282 1535 424 1601 rumque
451 1514 719 1580 communionem
751 1513 788 1578 in
813 1533 917 1600 pagos
948 1512 1050 1579 fuisse
1082 1512 1276 1578 distributos
1303 1533 1500 1581 commemo

191 1611 193 1618 ’
282 1622 438 1688 ravimus,
477 1621 602 1686 Eorum
625 1639 788 1706 pagorum
809 1641 918 1684 unum
941 1619 1169 1706 Lindopolitas
1191 1618 1338 1684 effecisse
1359 1609 1501 1708 permul-
1645 1676 1646 1693 ,

282 1729 324 1793 tis
347 1727 451 1795 titulis
468 1732 605 1806 constat,
629 1747 713 1811 quos
728 1726 764 1790 in
786 1726 1000 1811 inscriptione
1014 1727 1074 1792 Br.
1091 1727 1180 1792 Mus.
1205 1747 1238 1790 n.
1263 1727 1329 1793 345
1351 1724 1405 1811 (=
1421 1728 1498 1794 Rea.

282 1836 368 1902 arch.
399 1835 483 1898 1866
506 1833 523 1896 Ι
549 1854 581 1918 p.
609 1833 672 1898 152
694 1853 727 1896 n.
753 1829 784 1918 6)
809 1832 1000 1898 invenimus
1022 1832 1222 1898 nominatim
1244 1831 1414 1898 laudatos:
1429 1831 1502 1914 ,Ed-

283 1942 415 2012 αλκίδας
438 1936 662 2026 Ἀρνοτυλόχου
686 1943 766 2004 κατὰ
788 1937 944 2005 υἱοθεσίαν
965 1940 998 2002 δὲ
1014 1937 1299 2012 Αἰνέαέπαινεθεὶς
1318 1943 1371 2004 καὶ
1387 1962 1502 2026 στεφα-

162 2125 164 2128 .
281 2051 394 2120 νυθεὶς
405 2043 462 2110 tro
475 2055 526 2110 τοῦ
540 2047 637 2132 δάμου
653 2055 704 2110 τοῦ
722 2044 941 2110 Λινδοπολιτᾶν
952 2051 1075 2131 χρυσέῳ
1092 2052 1229 2133 στεφάνῳ
1246 2058 1360 2131 πρᾶτος
1378 2049 1431 2110 καὶ
1442 2042 1500 2113 tas

281 2165 337 2228 τᾶς
353 2159 538 2238 carpocrate
554 2149 681 2237 Δρυιτᾶν
699 2157 820 2238 χρυσέῳ
837 2157 986 2238 στεφάνῳ.
1005 2150 1104 2226 Θεοῖς.
1120 2151 1170 2216 ἐπὶ
1185 2151 1290 2236 ἱερέως
1306 2149 1500 2239 Ἀντιλόχου.

280 2260 353 2325 Iam
376 2279 455 2324 cum
478 2259 695 2324 certissimum
720 2258 770 2337 sit,
795 2264 835 2323 ut
850 2257 1101 2338 Ueronensium,
1126 2259 1172 2324 sic
1187 2259 1288 2324 etiam
1302 2257 1499 2325 Lindiorum

280 2365 544 2452 Ialysiorumque
582 2364 771 2430 societatem
808 2385 985 2450 nunquam
1023 2366 1059 2430 in
1095 2363 1366 2450 inscriptionibus
1403 2366 1501 2452 δᾶμον

161 2484 163 2488 ’
281 2472 391 2539 vocari
414 2470 465 2558 (ci.
490 2469 711 2536 Bottcrmund
732 2492 763 2556 p.
784 2472 824 2535 19
849 2491 908 2556 sq,
926 2471 1042 2549 Kuhu,
1066 2470 1298 2556 «Entstchung
1314 2469 1371 2536 der
1384 2470 1502 2538 Stadte

155 2627 159 2639 .
282 2578 339 2644 der
353 2577 486 2644 ¹'Altera
511 2599 543 2664 p.
573 2578 638 2643 213
652 2574 736 2663 aql,
765 2584 902 2662 apparet
932 2597 975 2641 ne
1005 2576 1045 2641 de
1076 2582 1168 2663 parte
1199 2576 1336 2661 quidem
1365 2576 1499 2644 illorum

284 2684 516 2767 communium
538 2681 740 2756 vocabulum
764 2680 780 2747 ὁ
797 2685 895 2768 δᾶμος
907 2658 984 2748 'eam
999 2684 1036 2748 in
1053 2683 1252 2749 sententiam
1275 2683 1379 2769 accipi
1393 2706 1499 2770 posse,

284 2797 321 2856 ut
348 2791 488 2858 civitatis
515 2791 685 2856 notionem
715 2789 846 2855 habeat
893 2789 1071 2856 Summum
1098 2791 1188 2856 enim
1214 2811 1325 2855 rerum
1352 2793 1503 2877 regimen

170 2967 173 2976 ,
282 2904 351 2964 erat
373 2919 474 2985 penes
496 2897 654 2978 Rhodios,
679 2898 738 2983 qui
760 2895 886 2962 erantd
903 2899 1000 2984 δᾶμος
1023 2896 1125 2984 (quod
1149 2895 1277 2984 dicunt)
1291 2894 1361 2962 κατ’
1377 2897 1500 2986 ἐξοχὴν,

281 3006 398 3091 ltaque
427 3004 641 3069 statuendum
664 2989 906 3072 mihividetur
927 3025 1043 3070 vocem
1058 3001 1083 3067 ’δ
1108 3005 1205 3090 δᾶμος
1235 3001 1252 3066 δ
1280 3001 1501 3071 Λινδοαολιτᾶν

281 3107 322 3178 ds
353 3111 527 3176 damorum
556 3117 689 3176 tantum
726 3111 965 3196 significatione
997 3110 1087 3198 apud
1118 3111 1249 3194 Atticos
1273 3112 1395 3176 usitata
1428 3130 1500 3175 csse

280 3216 540 3305 percipiendam,
568 3216 604 3282 id
631 3216 721 3302 quod
749 3215 1023 3282 Bottermundius
1049 3239 1081 3303 p.
1112 3218 1154 3282 20
1182 3215 1305 3303 optimo
1332 3216 1430 3280 etiam
1457 3235 1501 3280 ex

281 3345 329 3404 ec,
353 3322 443 3408 quod
460 3335 501 3407 τῳ
518 3324 605 3409 δάμῳ
621 3336 661 3408 τῳ
680 3322 901 3388 Λινδοπολιτᾶν
917 3323 1068 3408 opposita
1090 3330 1141 3389 est
1164 3323 1184 3387 ἁ
1206 3328 1306 3406 πάτρα
1329 3320 1349 3385 ἁ
1372 3317 1501 3404 Δρυιτᾶν

280 3429 450 3496 intellexit.
479 3430 606 3495 Iniuria
617 3421 730 3495 tamen
742 3429 832 3495 idem
843 3429 1091 3516 inscriptionem
1103 3436 1131 3515 j.
1149 3433 1185 3513 cf
1195 3432 1224 3496 ά.
1241 3436 1279 3494 st.
1294 3427 1374 3512 Hp.
1391 3423 1499 3512 3561),

219 3561 222 3566 ¹
281 3543 319 3602 ut
330 3537 661 3624 argumentationem,
679 3557 782 3622 quam
795 3538 1038 3623 proposuimus,
1055 3535 1193 3616 fulciret,
1208 3533 1400 3602 adhibuisse
1414 3533 1502 3598 mihi

280 3641 421 3709 videtur.
468 3641 683 3728 Quamquam
707 3643 797 3707 enim
819 3643 1022 3723 NewtoniuS,
1053 3663 1153 3728 quem
1180 3642 1282 3706 homo
1303 3639 1359 3705 ille
1381 3639 1502 3704 doctus

281 3754 331 3813 est
353 3753 494 3828 secutae,
518 3749 619 3815 verba
645 3748 746 3814 huius
773 3749 863 3814 tituli
889 3750 976 3822 ἔδοξε
1003 3761 1041 3834 τᾷ
1069 3749 1164 3834 βουλά
1192 3753 1246 3813 καὶ
1273 3761 1315 3833 τῷ
1343 3749 1431 3832 δάμῳ
1455 3745 1498 3811 ad

279 3854 476 3922 [indiarum
500 3855 665 3921 civitatem
689 3856 800 3920 referri
815 3877 885 3920 non
899 3877 995 3941 posse
1018 3876 1079 3921 auo
1094 3855 1165 3921 iure
1180 3854 1360 3934 contendit,
1384 3860 1500 3918 tamen

279 3981 345 4026 vox
377 3961 474 4046 δᾶμος
507 3983 584 4027 cum
616 3965 712 4046 βουλᾶρ
744 3963 923 4027 coniuncta
949 3961 991 4026 de
1016 3961 1094 4048 pagi
1125 3954 1366 4047 significatione
1392 3997 1436 4006 —-
1462 3957 1501 4024 id

278 4065 369 4150 quod
397 4065 590 4134 Newtonius
624 4069 795 4136 voluit-
819 4069 924 4154 accipi
945 4069 1070 4154 nequit.
1117 4069 1206 4134 Nam
1229 4068 1290 4133 etsi
1312 4088 1382 4133 non
1404 4064 1498 4129 dubi·

278 4178 322 4252 to,
347 4172 429 4257 quin
452 4173 575 4260 singuli
596 4176 675 4261 pagi
702 4174 866 4261 quasdam
893 4175 1081 4240 communis
1109 4175 1162 4241 sui
1189 4195 1240 4240 res
1269 4174 1334 4259 ipsi
1352 4171 1500 4266 admini-

367 4367 387 4435 1)
406 4407 431 4422 ..
447 4409 475 4422 ..
494 4366 556 4422 Ἐπὶ
582 4369 673 4442 ἱερέως
691 4367 870 4442 Ἀγεοτράτου
895 4370 1028 4440 Καρνείου
1052 4369 1154 4440 ἑβδόμᾳ
1174 4370 1202 4432 ἐξ
1227 4367 1346 4435 ἱνά[δ]ος,
1371 4365 1444 4428 ἔδοξε
1463 4375 1496 4436 τᾷ

279 4455 363 4525 βουλᾷ
382 4457 428 4508 καὶ
446 4465 481 4526 τῷ
502 4456 587 4529 δάμῳ,
607 4457 753 4530 Εὐφράνωρ
777 4458 914 4531 Δαρδάνου
938 4457 1084 4526 Ν[ετ]τὶδας
1107 4452 1172 4522 εἶπε,
1193 4456 1322 4509 δεδόσθαι
1344 4453 1499 4526 Εὐφράνορι

279 4543 435 4617 Δαρδάν[ου]
453 4544 565 4616 Nereida
587 4549 633 4600 nol
657 4547 811 4601 Εὺθαλιδᾶν
834 4557 871 4621 τῷ
889 4555 968 4617 κοινῷ
992 4544 1147 4614 &dochinus
1170 4550 1222 4598 etc.
1287 4547 1293 4555 ”
