3300 5142
798 387 843 396 .„.
891 353 944 457 16x
976 386 1020 399 „.

266 623 268 632 y
298 540 429 617 Quibus
452 563 493 606 ex
515 543 623 609 verbis
639 541 894 610 Althaeinenem
916 567 1018 632 prope
1034 546 1204 613 (lamirum
1219 550 1256 613 in
1271 549 1344 614 loco
1358 551 1515 636 quodam,
1633 588 1643 629 1.

297 649 356 734 qui
383 647 527 715 Oretinia
558 650 809 730 nominabatur,
843 672 921 716 cum
945 659 1075 720 caterva
1104 675 1166 718 sua
1188 675 1230 719 ex
1253 655 1349 721 Creta
1371 657 1515 742 profecta

207 803 209 813 .
297 755 483 820 consedisse
506 756 673 822 audimus.
712 757 785 824 Iam
807 779 888 823 oum
909 755 946 822 in
968 759 1066 824 titulo
1083 748 1275 840 Camirensi,
1300 784 1402 848 quem
1416 763 1515 830 modo
1612 794 1616 803 ·

295 848 515 942 laudavimus,
534 863 596 928 sub
615 860 854 950 Ἀλθαιμενίδος
875 864 978 930 classe
994 864 1081 930 duae
1096 872 1209 951 patrae
1225 865 1415 955 Κρητινάδαι
1438 891 1514 936 enu-

293 969 463 1034 merentur
477 965 550 1054 (aas,
568 967 646 1055 b29),
662 975 903 1036 nonnenostro
918 972 989 1036 iure
1004 971 1169 1038 affirmare
1184 995 1373 1059 possumus,
1391 998 1513 1044 nomen

295 1095 409 1140 earum
442 1075 592 1160 gentium
627 1076 789 1142 artissime
821 1097 899 1141 cum
925 1077 1014 1142 illius
1040 1079 1104 1144 loci
1130 1080 1370 1166 significatione
1402 1084 1513 1149 cohae
1609 1054 1613 1073 ¹

293 1182 383 1246 rere?
421 1180 498 1246 Non
520 1181 581 1246 has
603 1189 718 1268 gentes
741 1183 917 1268 tamquam
939 1186 1130 1270 progeniem
1145 1186 1279 1252 illorum
1296 1174 1512 1270 Cretensium,

294 1287 353 1372 qui
384 1276 461 1352 cum
483 1287 703 1354 Althaemene
726 1288 905 1354 Oretimam
937 1291 1168 1372 condiderant,
1194 1315 1231 1358 eo
1254 1295 1390 1361 nomine
1413 1295 1512 1368 fuisse

293 1393 457 1479 praeditas
481 1400 667 1460 statuamus
690 1401 740 1460 est
762 1397 916 1463 neeesse?
946 1398 1146 1463 Luculenter
1168 1399 1270 1484 igitur
1287 1400 1344 1464 illa
1357 1403 1511 1482 narratio,
1607 1468 1611 1481 ,

293 1522 379 1586 quae
402 1501 535 1566 colonos
550 1523 569 1566 e
595 1501 692 1566 Creta
706 1501 867 1568 Rhodum
889 1503 1052 1588 profectos
1075 1498 1251 1590 praecipue
1267 1505 1438 1571 Camirum
1453 1508 1510 1573 fre·

293 1613 471 1694 quentasse
481 1607 640 1694 perhibet,
660 1629 700 1673 ex
715 1609 865 1695 ipsorum
877 1609 1121 1676 Camirensium
1136 1612 1291 1698 opinione
1306 1612 1471 1679 stabilitur
1479 1611 1509 1698 ¹).

316 1747 320 1754 ,
381 1714 534 1780 Fortasse
549 1715 649 1781 etiam
665 1713 839 1804 Ἰφικλὶδαι,
855 1718 914 1802 qui
929 1716 952 1782 b
965 1719 1008 1783 20
1024 1725 1335 1798 commemorantur,
1352 1720 1512 1805 originem
1606 1742 1609 1768 ¹

293 1819 335 1885 ab
358 1819 484 1906 Iphicle
505 1821 604 1886 heros
627 1820 804 1887 duxerunt.
853 1823 1181 1908 Quamquam'enim
1204 1824 1346 1911 Iphicles
1368 1825 1512 1892 maxime

291 1927 327 1992 in
342 1926 540 2011 Ialysiorum
564 1928 810 1995 narrationibus
836 1929 1064 1994 celebrabatur
1088 1927 1139 2016 (of.
1157 1931 1292 2015 Ergiam
1309 1931 1400 2017 apud
1414 1931 1511 1996 Athe

291 2053 415 2098 naeum
430 2033 522 2099 VIII.
536 2055 578 2119 'p.
597 2036 662 2100 360
674 2033 723 2121 E),
748 2041 870 2126 tamen
885 2036 1050 2101 Beckerus
1072 2059 1104 2123 p.
1125 2039 1187 2102 129
1212 2036 1512 2122 disputatiunculae
1555 2063 1558 2067 ²

222 2155 223 2170 ¹
292 2160 371 2205 suae
405 2140 488 2205 haut
510 2139 631 2206 iniuria
663 2137 840 2226 eDiotyos
871 2140 1035 2208 Cretensis
1068 2142 1176 2208 verbis
1210 2140 1280 2227 (IV.
1305 2138 1338 2226 4)
1372 2140 1512 2206 similem
1608 2171 1612 2207 ι

291 2246 464 2332 quandam
487 2246 637 2312 fabulam
659 2247 696 2312 in
720 2247 964 2313 Camirensium
986 2270 1041 2314 ore
1064 2249 1166 2315 luisse
1189 2229 1359 2341 conclusit.
1396 2247 1513 2332 Itaque
1609 2210 1614 2273 l

291 2353 401 2418 nescio
425 2374 469 2416 an
491 2353 705 2439 inscriptione
727 2360 841 2419 nostra
863 2355 1000 2420 Beckeri
1023 2355 1186 2421 sententia
1208 2354 1429 2432 confirmetur,
1454 2353 1512 2438 qui
1551 2385 1557 2389 ·

293 2459 462 2524 Camirum
487 2459 607 2526 urbem
630 2460 673 2525 ab
696 2467 830 2526 auctore
852 2461 909 2525 illo
940 2483 1008 2526 non
1032 2462 1167 2528 arbitrio
1194 2460 1357 2540 additam,
1387 2458 1444 2525 sed
1471 2480 1513 2526 ex

290 2567 362 2652 ipsa
385 2565 594 2632 Rhodiorum
626 2568 786 2632 memoria
817 2568 991 2654 repetitam
1024 2589 1095 2634 esse
1125 2574 1232 2653 putat·
1276 2567 1368 2632 Num
1399 2571 1513 2630 autem

290 2672 454 2756 doptabat,
479 2672 615 2758 Θῳάδαι,
635 2674 718 2738 aliae
740 2681 855 2760 gentes
878 2675 915 2738 in
937 2674 994 2739 illo
1007 2673 1165 2740 laterculo
1181 2679 1333 2738 exaratae
1347 2694 1369 2737 a
1383 2672 1511 2752 Dorico,

289 2779 383 2844 Thoa
398 2779 471 2844 aliis
487 2779 690 2864 quibusdam
701 2779 851 2859 Rhodiis,
868 2801 1013 2872 quorum
1023 2779 1097 2844 laus
1108 2779 1350 2866 ascriptoribus
1362 2777 1512 2858 traditur,
1620 2866 1623 2875 Ι

289 2885 427 2951 nomina
459 2885 630 2967 duxerint,
665 2886 846 2951 diiudicare
877 2908 947 2951 non
979 2887 1097 2951 ausim.
1167 2885 1321 2951 Ceterum
1341 2884 1512 2950 adnotare

288 2992 382 3058 iuvat
404 2992 504 3057 etiam
527 2993 592 3058 alio
615 2992 712 3058 titulo
734 2992 892 3057 illustrari
914 2992 1125 3057 Rhodiorum
1147 2992 1244 3057 illum
1267 3012 1407 3072 morem,
1442 3011 1513 3076 quo

288 3097 406 3162 heroas
429 3119 507 3163 suos
530 3099 686 3162 maximis
704 3098 887 3164 honoribus
903 3082 1031 3163 afficere
1046 3098 1206 3178 solebant,
1231 3098 1362 3184 saepius
1377 3119 1398 3162 a
1413 3098 1509 3182 scrip

287 3204 415 3270 toribus
438 3205 572 3270 elatum.
596 3204 637 3269 In
652 3204 879 3289 Mnemosyna
901 3204 991 3269 enirn
1006 3205 1032 3270 Ι,
1045 3227 1080 3298 p.
1099 3207 1140 3270 78
1156 3235 1198 3259 =
1234 3204 1341 3270 Cauer
1363 3203 1507 3268 delectus
1623 3200 1630 3401 ἱ

287 3331 320 3376 n.
341 3312 402 3376 181
418 3310 551 3397 legitur:
577 3310 662 3384 ἔδοξε
686 3322 727 3394 τῷ
752 3311 840 3396 δάμῳ
857 3310 964 3395 ἀγαθᾷ
980 3315 1069 3396 nixa,
1093 3309 1243 3385 εὔξασθαι
1262 3315 1316 3396 μὲν
1332 3313 1402 3382 τοὺς
1418 3309 1508 3394 ἱερεῖς

288 3420 341 3481 καὶ
373 3421 442 3490 τοὺς
472 3417 634 3503 {apodiatus
664 3430 704 3502 τῷ
736 3413 836 3502 ‘Anu
866 3420 920 3481 καὶ
948 3429 986 3501 τᾷ
1010 3414 1104 3503 Ῥόδᾳ
1128 3421 1180 3482 καὶ
1203 3428 1267 3490 τοῖς
1290 3417 1397 3490 ἄλλοις
1420 3421 1509 3489 θεοῖς

288 3535 361 3587 πᾶσι
385 3529 438 3588 καὶ
460 3531 575 3597 πάσαις
592 3529 646 3588 καὶ
669 3534 733 3597 τοῖς
749 3525 937 3610 ἁρχαγὲταις
960 3529 1099 3596 καὶτοῖς
1122 3523 1234 3610 ἥρωσιν
1258 3521 1324 3588 ὅσοι
1339 3525 1440 3609 ἔχοντι
1455 3527 1509 3588 τάν
1622 3416 1630 3667 i

288 3631 373 3695 πόλιν
397 3635 451 3695 καὶ
480 3634 532 3695 τὰν
555 3636 660 3716 χώραν
684 3635 736 3696 τὰν
761 3629 896 3694 Ῥοδίων.

375 3737 449 3801 Iam
471 3757 638 3822 quaenam
657 3737 785 3804 'civium
809 3736 992 3802 Camirensi
1015 3736 1168 3801 societate
1191 3734 1413 3800 cohibitorum
1435 3734 1510 3800 iura
1626 3722 1629 3731 ¹

288 3843 413 3928 quique
435 3844 648 3928 magistratus
671 3843 794 3908 fuerint
817 3843 1042 3908 ostendamus.
1117 3871 1120 3877 ·
1626 3844 1632 3861 “

76 3963 278 4082 nappurretonso
376 3950 487 4014 Primo
503 3957 615 4016 autem
631 3950 702 4015 loco
717 3950 835 4016 titulus
847 3951 906 4015 Br.
920 3948 1007 4014 Mus.
1026 3970 1058 4012 n.
1076 3949 1139 4012 351
1157 3946 1275 4026 edituS,
1292 3968 1393 4031 quem
1408 3965 1509 4030 supra

112 4046 125 4079 Θ
150 4047 206 4080 sena
218 4049 253 4081 US.

467 4130 550 4136 .-....
1258 4123 1510 4134 .....-.-...-..--

377 4233 450 4299 1)Ι11
468 4237 612 4288 exarando
630 4235 745 4287 nomine
764 4235 854 4288 codex
872 4235 920 4296 M„
931 4234 1049 4300 praebet
1067 4231 1207 4306 Κρητινὶα,
1227 4233 1259 4284 Β.
1279 4205 1431 4303 Κρητῆνὶα,
1443 4229 1507 4280 AV.

288 4321 441 4396 Κρητηνὶα.
483 4325 583 4390 Itaque
606 4324 767 4377 Meinekius
791 4341 843 4377 suo
867 4325 928 4376 iure
953 4323 1057 4376 codicis
1080 4323 1119 4375 M.
1142 4322 1291 4375 lectionem
1317 4321 1429 4372 secutus
1454 4321 1508 4384 est,

287 4429 351 4466 cum
369 4414 511 4466 Beckerus
529 4413 561 4464 in
579 4413 715 4479 opusculo
739 4413 774 4465 de
793 4413 968 4465 Rhodiorum
991 4411 1153 4478 primordiis
1170 4409 1329 4486 conscripto
1346 4405 1509 4474 (comment.

206 4537 209 4545 -
288 4488 423 4555 lonenses
442 4503 479 4568 11,
498 4519 525 4568 p.
547 4500 607 4568 122)
624 4503 729 4554 iniuria
747 4500 891 4574 Κρητηνὶα
908 4505 1027 4554 revocet.
