3300 5142
662 390 885 453 ..13-

165 583 315 669 pluribus
338 583 608 669 inscriptionibus
631 589 768 658 constat.
803 583 990 670 Evidgutus
1013 591 1125 654 autem
1149 591 1199 649 est
1221 586 1248 650 δ.
1267 585 1298 650 h.
1322 585 1382 650 IX.

168 713 198 776 p.
229 691 291 754 114
319 696 351 754 et
385 689 467 754 haec
499 688 635 775 praebet
661 689 785 756 verba?
810 689 915 777 ἐπειδὴ
947 689 1049 755 Δ...
1080 697 1186 777 χρείαν
1220 695 1388 778 παρείχετο

168 809 230 870 τοῖς
246 802 415 868 κτοινάταις
431 845 438 858 .
458 845 465 858 .
481 799 534 860 καὶ
550 795 726 882 ἐπεμελεῖτο
742 795 828 872 ὅπως
843 793 921 862 αἵτε
937 801 1044 862 θυσίαι
1059 801 1256 862 συντελῶνται
1272 845 1384 863 .....

167 899 304 987 αἱρεθείς
326 883 365 968 ιε’
387 900 435 968 ἐπὶ
458 907 498 968 τὰ
520 895 620 987 [ispa.
634 901 652 988 .]
685 905 791 974 καλῶς
820 907 874 968 καὶ
901 909 1055 991 φρονίμως
1082 901 1283 988 συνετέλ[εσεν
1299 953 1306 966 .
1324 952 1332 967 .
1350 952 1384 966 ..

168 1007 326 1094 δεδόχθαι]
356 1007 509 1074 ἐπαινέσαι
539 1013 592 1074 καὶ
622 989 814 1094 στεφανῶσαι
837 1008 964 1074 Δ....
988 1016 1127 1097 στεφάνῳ
1155 1009 1186 1074 ἐν
1214 1022 1255 1094 τῷ
1283 1009 1388 1074 ἔπειτα

167 1117 305 1198 συλλόγῳ
322 1162 329 1177 .
348 1162 354 1176 .
373 1163 406 1176 ..
453 1115 605 1199 Denique
635 1115 734 1180 etiam
760 1114 845 1200 lapis
876 1113 1088 1201 Carpathiae,
1117 1136 1195 1180 cum
1222 1117 1310 1180 han'c
1338 1117 1387 1180 in·

168 1219 276 1284 sulam
305 1219 364 1284 diu
391 1220 494 1306 ipsius
526 1220 677 1286 Rhodiae
704 1221 845 1287 uincatis
877 1229 1006 1308 partem
1033 1221 1178 1287 effecisse
1205 1242 1306 1308 supra
1334 1221 1388 1286 de-

168 1327 471 1408 monstraverimus
488 1327 531 1392 ad
546 1326 778 1393 illustrandam
793 1327 886 1392 illam
901 1327 1097 1394 divisionem
1108 1328 1258 1393 adhiberi
1268 1335 1386 1415 potest.

171 1432 281 1510 Quam
304 1433 553 1519 inscriptionem
584 1433 687 1499 edidit
708 1433 906 1507 Beaudouin
930 1437 956 1499 t.
989 1437 1019 1499 h.
1043 1433 1136 1500 VIII.
1160 1456 1192 1520 p.
1223 1436 1298 1514 354,
1321 1434 1390 1500 fine
1484 1458 1487 1467 ’

168 1539 255 1605 tertiI
278 1545 337 1605 aut
358 1539 452 1605 initio
468 1539 607 1605 secundi
628 1540 750 1606 saeculi
766 1539 930 1626 sculptam
954 1560 1028 1605 eam
1051 1562 1123 1606 esse
1143 1539 1279 1627 ratus¹):
1304 1539 1389 1612 ὅπως

170 1643 221 1711 οὖν
244 1649 297 1710 καὶ
321 1645 341 1710 ἁ
369 1651 472 1710 κτοὶνα
500 1644 728 1712 ἁΠοτιδαιέῶν
757 1651 900 1734 φαίνηται
920 1643 1100 1734 εδχάριστος
1124 1645 1215 1713 οὖσα·
1240 1649 1393 1735 δεδόχθαι
1414 1666 1416 1673 ’

170 1765 207 1837 τᾷ
222 1757 341 1838 'accisa
373 1751 528 1817 ἐπαινέσαι
560 1755 613 1816 καὶ
641 1765 833 1838 στεφανῶσαι
860 1759 981 1839 χρυσέῳ
1010 1760 1149 1841 στεφάνῳ
1179 1754 1239 1819 ἀπὸ
1269 1767 1392 1841 χρυσῶν
1433 1742 1437 1750 ’

172 1861 248 1924 δέκα
275 1857 471 1943 Παμριλίδαν
584 1857 697 1943 ἀρετᾶς
725 1859 899 1924 ἕνεκα
925 1862 960 1925 ἂν
988 1860 1069 1946 ἔχων
1097 1861 1229 1926 διατελεῖ
1261 1859 1306 1933 εἷς
1337 1866 1392 1926 τὰν

172 1971 291 2030 κτοίναν
314 1969 366 2031 τὰν
390 1964 586 2045 Ποτιδαιέων,
611 1967 741 2030 καλέσαι
765 1967 799 2029 δὲ
823 1961 912 2030 αὐτὸν
936 1970 989 2030 καὶΙ
1013 1964 1062 2031 ἐπὶ
1083 1967 1163 2040 ξένια
1185 1965 1231 2038 εἰς
1253 1971 1287 2032 τὸ
1312 1965 1393 2050 ἱερο-

173 2075 293 2137 θυτεῖον
310 2121 316 2135 .
335 2120 367 2135 ..
392 2070 498 2157 dlrloc
514 2073 547 2136 δὲ
563 2075 616 2135 καὶ
632 2076 740 2137 στᾶλαι
757 2121 764 2136 .
783 2121 790 2134 .
807 2120 814 2135 .
841 2071 1037 2148 ἀνατεθῶντι,
1053 2077 1109 2159 μία
1123 2077 1179 2158 μὲν
1194 2072 1232 2159 ἐμ
1251 2071 1393 2157 Πορθμῷ

174 2177 204 2243 ἐν
237 2191 277 2264 τῷ
302 2176 372 2263 ἱερῷ
402 2189 453 2244 τοῦ
482 2177 680 2254 Ποσειδᾶνος,
713 2183 767 2264 μία
800 2179 834 2242 δὲ
862 2177 893 2242 ἐν
923 2178 1076 2263 Ποτιδαίῳ
1105 2176 1135 2242 ἐν
1165 2191 1206 2264 τῷ
1234 2177 1306 2263 ἱερῷ
1337 2190 1396 2249 τᾶς

175 2283 328 2357 Ἀθάνας.
343 2285 537 2357 πᾱςΛινδίας
559 2286 637 2350 δότω
662 2281 806 2372 ὁταμίας
829 2289 863 2348 τδ
886 2290 1043 2372 γενόμενον
1066 2289 1198 2372 τελεσμα
1223 2335 1279 2350 ...
1305 2283 1394 2349 ἑλέσ-

176 2393 232 2456 θαι
256 2393 289 2456 δὲ
313 2395 366 2456 καὶ
393 2391 500 2475 ἄνδρα,
529 2388 544 2454 ὁ
577 2391 610 2454 δὲ
637 2386 776 2474 αἱρεθεὶς
805 2396 990 2479 ποιησάσθω
1017 2397 1070 2457 τὰν
1102 2392 1218 2480 ἄιτησιν
1245 2402 1297 2457 τοῦ
1325 2415 1395 2456 στε-

176 2504 270 2585 φάνου
379 2495 410 2561 ἐν
432 2511 474 2583 τῷ
499 2501 646 2584 σθμπαντι
668 2498 765 2582 δάμῳ.
1124 2483 1126 2491 ’
1204 2583 1206 2586 y

264 2603 395 2681 Quibus
419 2604 460 2670 de
483 2605 600 2670 ctoinis
622 2605 690 2670 iam
706 2605 911 2690 permultum
926 2604 970 2670 ab
992 2605 1187 2670 hominibus
1202 2603 1307 2669 doctis
1331 2603 1394 2668 dis-

175 2716 331 2799 putatum
354 2709 441 2796 est²l
488 2711 570 2776 Fere
592 2731 708 2776 omnes
735 2718 849 2776 autem
876 2710 919 2776 ab
942 2710 1104 2796 Hesychii
1125 2710 1396 2796 interpretatione
1458 2747 1461 2753 ·

175 2818 311 2904 profecti
334 2820 436 2882 κτίιναι
459 2817 479 2904 ἢ
503 2829 619 2883 κτοῐναι
642 2824 795 2904 χωρήσας
817 2829 1003 2901 προγονικῶν
1026 2816 1140 2902 ἱερειῶν
1167 2815 1187 2904 ἢ
1220 2819 1318 2904 δῆμος
1340 2841 1397 2903 με·
1453 2832 1458 2841 “

176 2931 354 3012 μερισμὲνος
375 2943 484 3008 neque
508 2921 622 3008 ἱερειῶν
644 2943 753 3010 neque
776 2921 890 3007 ἱερείων
906 2924 1089 2990 sententiae
1111 2923 1298 2990 satisfacere
1320 2945 1395 2989 con-

176 3030 333 3098 sentiunt.
391 3030 509 3113 Itaque
537 3028 787 3096 Bcaudouinius
821 3029 966 3096 Pollucis
999 3031 1063 3096 loci
1095 3022 1155 3097 III.
1195 3033 1235 3096 to
1268 3030 1397 3095 ratione

176 3137 290 3202 habita
313 3133 378 3220 (καὶ
401 3132 467 3219 ἱερὰ
490 3119 614 3220 πατρῷα
630 3139 683 3200 καὶ
705 3142 817 3218 πάτρια
840 3140 893 3202 καὶ
910 3142 1043 3221 πατρικδι
1058 3140 1112 3202 καὶ
1135 3139 1311 3221 προγονικά)
1333 3156 1395 3201 suo

174 3244 245 3308 iure
261 3240 348 3326 ἱερῶν
362 3262 422 3328 pro
438 3238 551 3326 ἱερειῶν
566 3247 712 3307 mutasse
727 3241 811 3306 mihi
820 3242 960 3308 videtur.
985 3241 1047 3308 Oui
1063 3241 1269 3308 coniecturae
1283 3242 1396 3307 nescio

176 3370 219 3414 an
242 3348 358 3414 album
381 3347 545 3413 calculum
574 3346 720 3414 adiciant
745 3348 855 3428 verba,
885 3369 971 3433 quae
996 3349 1033 3412 in
1055 3348 1171 3433 primo,
1200 3369 1299 3433 quem
1323 3369 1396 3432 pro*

175 3456 323 3534 tulimus
343 3438 440 3520 titulo
461 3454 631 3540 leguntur:
657 3455 690 3536 ἐχ
707 3458 740 3519 δὲ
764 3468 874 3521 ταυτᾱν
892 3468 946 3520 τᾶν
962 3466 1081 3520 κτοινᾱν
1105 3455 1308 3520 ἀποδεικνύειν
1324 3458 1396 3526 τοὺς

175 3591 332 3598 ——d

264 3650 284 3717 ¹)
302 3651 469 3724 Θεμιοτόλας
488 3649 670 3721 Τελεσάνδρου
685 3651 943 3724 Καρπαθιοπολίτας
957 3653 1043 3704 etiam
1059 3651 1090 3703 in
1102 3652 1228 3718 catalogo
1245 3650 1394 3706 hominum

179 3739 202 3792 b.
221 3739 246 3792 h.
264 3740 311 3806 IV,
330 3757 358 3806 p.
378 3742 428 3791 267
449 3740 498 3792 col.
522 3740 724 3793 Irccensetur.
763 3741 866 3792 Verum
892 3756 930 3792 ne
952 3741 1014 3792 eius
1036 3739 1150 3805 quidem
1172 3739 1248 3791 tituli
1272 3744 1395 3805 tempus,

178 3843 346 3892 quamquam
359 3827 495 3880 nonnulla
507 3828 623 3880 nomina
635 3829 665 3879 in
682 3843 715 3880 eo
728 3828 871 3894 perhibita
889 3829 958 3881 alias
971 3827 1161 3893 inveniuntur,
1181 3828 1337 3880 accuratius
1349 3828 1396 3880 de·

176 3915 258 3968 finire
276 3931 434 3982 possumus.

163 4031 164 4036 .
195 3988 198 3994 ’
266 4002 286 4069 ²)
304 4005 430 4072 Newton,
449 4007 493 4058 Tr.
512 4021 536 4058 o.
556 4006 605 4058 the
623 4021 645 4057 r.
665 4021 720 4058 soc.
739 4006 791 4066 XI,
810 4022 837 4072 p.
858 4009 923 4070 4363
943 4007 988 4059 Br.
1008 4005 1081 4058 Mus.
1101 4023 1130 4058 n.
1149 4005 1209 4059 351.

303 4092 423 4159 Martha,
442 4094 469 4146 b.
489 4095 518 4145 h.
536 4094 586 4160 IV,
604 4110 632 4159 p.
654 4097 705 4145 113Ἰ
723 4109 764 4159 sq.
951 4102 954 4106 ’

302 4182 475 4250 Beaudouin,
495 4183 522 4237 b.
541 4183 568 4234 h.
588 4183 666 4248 VIII,
685 4199 712 4249 p.
733 4186 783 4235 355
804 4198 845 4248 sq.

302 4271 498 4337 Bottermund,
517 4287 616 4324 comm.
635 4271 672 4323 de
689 4287 727 4324 re.
747 4271 824 4336 publ.
844 4272 906 4338 Rh.‚
925 4288 953 4337 p.
974 4275 1015 4325 15.

300 4357 543 4426 Hollcaux·Diehl,
562 4358 589 4411 b.
608 4359 636 4411 h.
655 4359 707 4426 IX,
726 4376 754 4424 p.
775 4362 825 4410 114
845 4376 886 4425 sq.

302 4447 420 4514 Gilbert‚
440 4447 602 4500 Handbuch
619 4447 657 4514 II,
676 4464 703 4513 p.
725 4451 783 4499 181.

300 4535 433 4604 (Curtius,
453 4535 623 4602 Grundzttge
641 4536 668 4588 d.
687 4536 789 4604 griech.
810 4537 1010 4606 Etymologie⁶‚
1028 4556 1056 4605 p.
1077 4541 1128 4591 698
1147 4537 1213 4590 adn.
1233 4533 1268 4601 1.)
