3300 5142
768 436 810 444 ,.
856 369 988 478 36,-’.

272 601 304 660 et
319 589 383 674 eos,
400 594 460 681 qui
474 594 641 681 paulisper
656 583 768 680 aliquo
783 593 855 659 loco
870 593 1088 660 morabantur
1099 593 1257 674 (itacucf.
1268 596 1403 662 Hermes
1413 595 1490 678 VH,

269 725 300 788 p.
329 700 412 794 133),
437 702 484 768 sic
499 700 600 766 etiam
614 699 805 773 Rhodihoe
820 700 907 765 inter
921 699 1110 786 peregrinos
1125 701 1287 768 exstitisse
1303 702 1490 770 discrimen.

215 793 216 797 ¹
249 843 255 856 .
357 807 456 886 Quod
479 808 578 873 etiam
596 806 809 892 inscriptione
832 827 852 870 a
875 806 993 871 Rossio
1016 807 1067 873 Ιιτ.
1091 811 1136 873 ia.
1156 829 1189 873 n.
1207 810 1248 873 27
1253 811 1272 874 8
1296 808 1384 874 foras
1400 808 1488 889 data,

268 913 326 980 sed
342 912 425 979 falso
437 914 600 1000 explicata
613 912 829 979 confirmatur
839 909 1010 999 (Ἐπιγόνου
1023 909 1236 980 Ῥοδιοττολίτα
1247 919 1390 1000 μετοίκου
1403 913 1492 981 ἐλεο-

271 1024 466 1106 θερωθέντος
489 1019 546 1086 ὑπὸ
570 1031 625 1092 τᾶς
648 1020 767 1091 πόλεως
782 1023 837 1084 καὶ
860 1020 1045 1092 ξενωθέντος
1062 1013 1123 1084 teo
1146 1033 1202 1094 τᾶς
1225 1024 1340 1104 βουλᾶς
1363 1024 1416 1086 καὶ
1439 1032 1491 1088 τοῦ

270 1131 368 1215 δάμου
390 1130 443 1192 καὶ
466 1131 697 1213 χοραγήοαντος
720 1123 787 1210 δίς).
833 1125 1029 1191 Rectissime
1056 1127 1193 1211 quidem
1215 1127 1491 1194 Bottermundius

269 1233 311 1320 (p.
339 1231 391 1320 10)
412 1233 584 1298 hominem
606 1231 702 1296 illum
725 1228 1055 1317 Rhodiapolitanum,
1079 1253 1156 1298 cum
1179 1233 1308 1300 meatur
1326 1254 1347 1299 a
1368 1235 1493 1323 populo

269 1340 437 1419 liberatus,
455 1343 594 1424 μέτοικον
609 1358 651 1402 ex
663 1355 756 1403 servo
767 1337 902 1422 publico
914 1359 985 1403 esse
996 1338 1124 1419 factum
1139 1338 1345 1426 perspexit1).
1377 1341 1493 1427 Minus

190 1527 192 1532 .
269 1453 383 1512 tamen
405 1444 605 1510 intellexisse
627 1444 759 1511 videtur
780 1443 864 1512 illud
886 1449 940 1510 καὶ
956 1446 1141 1518 ξενωθέντος
1155 1443 1212 1511 υπὸ
1231 1459 1286 1518 τοίς
1305 1448 1420 1530 βουλᾶς
1438 1453 1493 1513 καὶ

270 1563 321 1619 του
350 1556 457 1640 δάμου.
503 1549 631 1618 Verum
659 1550 859 1636 quidaliud
891 1551 973 1616 haec
1003 1550 1105 1617 verba
1137 1552 1321 1639 significare
1351 1538 1494 1639 possunt

210 1705 214 1713 »
270 1681 374 1746 quam
397 1679 490 1726 servo
513 1657 569 1738 illi,
593 1664 771 1744 postquam
800 1658 844 1722 ab
871 1657 954 1723 urbe
980 1664 1030 1723 est
1051 1656 1218 1740 liberatus
1247 1644 1394 1745 primum
1417 1681 1491 1726 eon·

271 1787 401 1832 cessum
421 1766 490 1831 esse
516 1764 569 1830 ius
592 1765 755 1850 peregrini
782 1762 900 1851 (ξένου),
928 1771 1043 1850 postea
1066 1765 1202 1832 demum
1231 1767 1394 1852 parniaco?
1438 1766 1492 1832 Di·

270 1871 379 1945 lucide
401 1871 503 1958 igitur
525 1871 625 1936 etiam
648 1870 726 1936 inde
754 1869 820 1936 duo
849 1871 907 1935 illa
935 1871 1185 1957 peregrinorum
1210 1893 1331 1957 genera
1358 1865 1493 1958 eognos-

274 1985 403 2045 cuntur.
447 1977 482 2044 si
505 1985 616 2044 autem
639 1977 703 2042 hoc
724 1977 761 2042 in
777 1974 873 2042 titulo
888 1977 1090 2044 vocabulum
1112 1985 1253 2065 μέτοικος
1268 1977 1377 2064 (sicuti
1392 1980 1491 2044 etiam

274 2107 325 2172 ap.
353 2085 558 2153 Reae.}Hell.
582 2106 613 2170 p.
641 2086 703 2150 109
731 2105 763 2151 n.
795 2086 851 2163 38;
880 2083 1023 2150 Dionem
1050 2083 1165 2171 Chrys.
1194 2107 1239 2152 or.
1269 2089 1320 2152 31.
1350 2087 1415 2151 566
1438 2083 1492 2172 R),

273 2193 379 2280 priore
401 2193 438 2258 in
459 2192 672 2278 inscriptione
694 2199 844 2276 πάροικος
869 2189 1055 2271 adhibetur,
1083 2192 1148 2257 hoc
1174 2193 1311 2259 fortasse
1339 2191 1382 2256 ad
1411 2198 1489 2256 tem·

272 2321 393 2387 porum
416 2299 593 2365 discrimen
621 2304 670 2364 est
691 2297 911 2363 referendum.
963 2297 1073 2375 Quam
1102 2296 1322 2363 differentiam
1348 2298 1494 2364 nonita

275 2407 389 2495 magni
411 2426 481 2471 esse
503 2405 665 2470 momenti
687 2405 739 2471 vel
766 2404 845 2470 inde
866 2411 1011 2491 apparet,
1037 2404 1126 2491 quod
1142 2404 1178 2469 in
1200 2405 1359 2490 proximis
1373 2403 1493 2470 insulis

274 2513 401 2580 Doricis
424 2511 589 2598 Carpatho
613 2517 645 2576 et
668 2497 832 2596 Calymne
856 2511 900 2580 in.
924 2511 1027 2578 altera
1049 2533 1115 2578 vox
1137 2518 1285 2596 πάροικος
1303 2508 1398 2596 (Dia.
1421 2512 1491 2595 apli.

97 2612 99 2622 ’
163 2601 181 2695 j
275 2623 353 2700 aar
366 2641 396 2686 v.
418 2621 467 2698 ro,
484 2621 511 2686 ο.
536 2621 565 2684 ι.
582 2615 675 2697 vni,
695 2639 726 2704 p.
748 2613 833 2704 aar),
854 2617 1408 2705 in.a1araus0aa(aarres.n.
1426 2619 1492 2684 aaa

274 2750 305 2794 v.
334 2723 386 2812 17)
400 2731 589 2812 usurpatur.
624 2725 696 2790 Iam
713 2745 791 2790 cum
805 2724 1032 2810 compluribus
1055 2724 1159 2790 titulis
1182 2729 1309 2790 constet
1331 2728 1493 2810 μετοίκους

275 2832 355 2920 (non
378 2830 491 2918 ξένους)
513 2832 557 2896 ad
580 2831 768 2918 choragium
790 2830 1036 2918 suscipiendam
1059 2851 1129 2896 esse
1148 2836 1309 2908 evocatos,
1333 2814 1433 2895 etiam
1456 2831 1492 2896 in

275 2938 394 3005 Lindie
417 2937 473 3003 illo
496 2937 634 3018 decreto,
659 2959 679 3003 a
701 2958 769 3023 quo
790 2937 928 3024 profecti
950 2957 1076 3016 sumus,
1101 2935 1209 3001 verbis
1232 2932 1260 3000 oi
1283 2947 1495 3010 κατοικοῦντες

276 3049 329 3112 καὶ
356 3055 555 3130 γεωργτυνττς
583 3043 619 3137 έν
640 3045 751 3130 Λινδίορ
778 3048 865 3129 πόλει
895 3045 971 3118 ξένοι
998 3049 1162 3110 metoecos
1195 3062 1265 3106 esse
1292 3042 1494 3128 significatos

275 3158 374 3240 patet.
425 3150 500 3216 Hoc
527 3151 627 3216 etiarn
653 3150 732 3216 inde
754 3150 1001 3237 comprobatur,
1034 3147 1124 3234 quod
1156 3148 1217 3213 soli
1248 3149 1395 3228 metoeci,
1423 3169 1492 3213 non

277 3261 363 3339 ξένοι,
379 3258 540 3345 privilegii
554 3257 652 3338 illius,
670 3279 737 3342 quo
753 3258 896 3344 έγκτηοις
910 3269 967 3344 γῆς
985 3260 1038 3322 καί
1054 3253 1154 3327 οἰκίας
1175 3255 1216 3320 iis
1232 3254 1491 3333 condonabatur,

277 3370 370 3431 erant
392 3363 575 3450 participes,
604 3364 695 3450 quod
721 3364 774 3430 ius
804 3371 890 3445 certe
918 3363 1122 3450 significatur
1147 3361 1255 3430 verbis
1283 3370 1494 3434 κατοικοῦντες

277 3475 330 3537 καί
353 3469 589 3556 γεωργείντεςῖ).
766 3467 770 3474 “

1334 3643 1492 3660 -η--μ

363 3753 384 3821 1)
402 3755 478 3818 Quos
492 3752 730 3825 servosjpublieos
749 3757 835 3810 etiam
846 3757 877 3808 in
890 3755 1075 3822 inscriptione
1090 3753 1166 3820 apud
1178 3752 1310 3805 Rossium
1323 3751 1398 3806 Heli.
1417 3767 1446 3804 n.
1459 3755 1494 3803 46

274 3843 438 3910 reperimus,
463 3845 512 3897 ubi
535 3845 718 3898 nominantur
737 3845 760 3899 οἱ
779 3855 825 3908 τᾶς
843 3847 936 3906 πόλιος
961 3844 1060 3898 δοῦλοι.
1099 3843 1182 3896 Unde
1204 3841 1350 3908 explanari
1368 3839 1439 3893 mihi
1456 3839 1495 3894 vi·

275 3934 372 4000 detur„
387 3932 462 4000 quod
486 3933 517 3986 in
539 3933 621 3986 titulo
640 3935 716 4001 apud
737 3935 872 4000 Rossium
889 3934 991 3987 Ira-in
1010 3950 1038 3986 n.
1062 3935 1114 3986 278
1137 3930 1239 3984 dicitur
1264 3929 1494 4002 ἐλευθερωθέντος

275 4019 324 4074 ὑπὸ
343 4029 389 4083 τᾶς
408 4021 521 4086 πόλεως,
541 4038 599 4074 non
619 4021 666 4074 ὑπὸ
686 4031 731 4076 τοῦ
751 4021 844 4096 δάμου.
963 4091 969 4097 ι

363 4109 383 4175 ²)
401 4110 551 4163 Nonnullis
569 4111 600 4162 in
618 4111 736 4164 urbibus
754 4111 818 4178 ipsa
836 4103 892 4165 rex
911 4118 1092 4171 κατοικοῦντες
1111 4109 1147 4161 de
1165 4107 1300 4161 metoecis
1318 4107 1349 4158 in
1367 4123 1421 4160 usu
1433 4111 1495 4159 erat

274 4199 318 4266 (cf.
340 4197 451 4266 thbert,
472 4200 640 4268 Herodian,
661 4217 688 4267 p.
713 4199 782 4266 294).
820 4199 949 4254 Conferri
971 4201 1057 4253 etiam
1080 4201 1177 4265 potest
1201 4197 1301 4249 titulus
1324 4194 1496 4261 Carpathius

274 4287 346 4342 Diti.
365 4289 426 4358 Syll.
447 4291 506 4354 331,
525 4288 575 4340 ubi
592 4289 723 4353 legimus:
744 4287 773 4342 οὒ
794 4291 872 4361 μόνον
892 4297 941 4341 τῶν
961 4287 1085 4356 δαμετᾶν,
1110 4286 1182 4339 ἀλλὰ
1200 4286 1313 4337 καὶτῶν
1336 4283 1495 4351 superarde-
1597 4331 1600 4337 ,
1643 4268 1645 4321 f

218 4387 222 4398 ‘
274 4396 324 4429 τιυν
345 4417 372 4430 ..
392 4381 421 4439 et
439 4376 554 4438 πολλοὺς
576 4385 626 4430 τῶν
645 4377 759 4450 δαμετᾶν
850 4380 895 4430 καὶ
915 4380 1024 4430 ἕκαστον
1043 4385 1093 4429 τῶν
1112 4373 1299 4427 κατοικούντων
1319 4370 1345 4423 ὲν
1363 4379 1399 4442 τῷ
1418 4390 1494 4439 περι-

275 4465 358 4534 πολίῳ
377 4464 421 4530 (cf.
440 4465 523 4519 Diod.
544 4469 585 4518 20.
606 4469 640 4518 84
658 4475 707 4519 τῶν
727 4466 750 4518 δ’
768 4468 794 4520 ἒν
818 4474 852 4538 τῇ
870 4467 947 4520 πόλει
969 4465 1016 4533 [se.
1035 4462 1131 4534 Ῥόδῳ]
1152 4462 1340 4516 κατοικούντων
1359 4458 1495 4531 παροίκων

275 4555 320 4606 καὶ
339 4549 416 4616 ξένων
437 4552 521 4617 δόντες
541 4555 661 4616 ἐξουσίαν
680 4563 735 4618 τοῖς
754 4555 924 4628 βουλομένοις
944 4550 1188 4624 συναγωνίζεσθαι).
