3300 5142
846 373 886 437 12
931 409 975 418 .-

253 567 381 645 attinet,
406 567 447 633 de
471 588 510 633 ea
537 589 572 632 re
595 589 673 636 cum
696 588 837 634 numero
859 564 1115 654 inscriptionum
1136 554 1192 633 eos
1214 567 1472 634 memorantium

252 680 327 739 tum
354 680 551 760 argumento
579 695 694 740 eorum
708 673 906 739 edocemur.
953 673 1069 740 Veluti
1095 674 1131 739 in
1158 663 1255 739 titulo
1278 675 1354 739 Rev.
1385 676 1471 740 arch.

256 782 339 846 1867
364 780 390 845 Ι.
413 803 445 866 p.
472 781 538 846 204
561 809 602 835 π
626 783 686 847 Βν.
709 783 798 848 Mus.
824 782 887 847 357
917 781 1080 867 evulgato,
1108 781 1145 846 in
1167 801 1235 866 quo
1257 780 1409 847 homines
1432 801 1474 846 ex

253 887 393 973 singulis
426 885 531 953 demis
563 887 607 952 ad
629 909 754 955 munus
786 887 957 973 quoddam
979 887 1284 953 administrandum
1306 888 1407 952 creati
1428 909 1473 952 re-

253 1000 439 1072 censentur,
465 1015 482 1058 c
504 1015 645 1060 numero
668 995 824 1074 virorum,
849 994 908 1080 qui
922 994 1043 1080 cuique
1057 1016 1143 1080 pago
1159 1001 1208 1059 est
1223 988 1408 1074 concessus,
1433 993 1475 1086 de

200 1137 203 1151 ·
252 1099 401 1186 ipsorum
424 1120 587 1185 pagorum
609 1099 830 1190 amplitudine
852 1099 905 1166 vel
927 1100 1081 1166 felicitate
1108 1099 1235 1186 aliquid
1254 1100 1382 1166 efficere
1403 1122 1474 1186 pos-

253 1226 379 1272 sumus.
427 1205 521 1282 Quae
543 1206 748 1272 ratiocinatio
771 1228 850 1272 cum
871 1227 931 1294 per
952 1228 987 1271 se
1010 1206 1053 1272 sit
1075 1213 1310 1304 consentanea,
1342 1228 1381 1272 eo
1404 1228 1474 1293 pro·

252 1311 360 1391 batur,
385 1311 476 1397 quod
499 1310 685 1377 Clasiorum
707 1319 740 1378 et
762 1312 1050 1399 Lindopolitarum
1071 1333 1188 1398 pagos,
1218 1313 1381 1398 equibus
1403 1313 1473 1399 plu-

210 1423 215 1433 ‘
252 1418 329 1484 rimi
343 1419 496 1486 homines
512 1427 592 1486 sunt
607 1420 709 1501 electi,
726 1441 761 1486 re
777 1442 855 1487 vera
869 1421 972 1486 fuisse
989 1421 1212 1507 amplissimos
1227 1420 1344 1486 titulus
1357 1421 1472 1487 eodem

68 2273 93 2342 β)
112 2245 221 2326 ascitur.

252 1532 399 1612 temporo
430 1527 554 1593 incisus
578 1529 627 1594 rr.
652 1551 681 1594 a.
708 1515 744 1594 o'.
771 1529 856 1594 raas
879 1551 910 1614 p.
943 1529 1003 1593 137
1030 1557 1071 1582 =
1095 1530 1122 1593 a
1150 1529 1179 1592 ν.
1208 1527 1267 1591 nr.
1291 1549 1323 1614 p.
1349 1528 1392 1592 aa
1419 1524 1470 1612 (ef.

230 1654 283 1717 ·p.
310 1632 363 1710 97)
387 1631 525 1719 docet1).
566 1635 607 1700 In
629 1634 693 1700 hoc
716 1635 806 1700 enim
830 1634 989 1721 catalogo,
1012 1634 1049 1699 in
1071 1653 1138 1720 qno
1160 1633 1323 1713 homines,
1348 1633 1407 1719 qui
1428 1633 1473 1698 ad

252 1746 408 1806 ornatum
440 1761 586 1827 vasaque
617 1741 770 1807 Athenae
802 1740 942 1807 Lindiae
976 1740 1162 1827 reparanda
1190 1739 1369 1826 pecuniam
1399 1761 1472 1805 oon-

251 1845 415 1925 tulenmt,
439 1847 486 1911 ita
513 1854 765 1927 enumerantur,
798 1854 837 1913 ut
864 1847 987 1932 quiex
1014 1829 1147 1912 eodem‘
1158 1867 1244 1933 pago
1272 1852 1366 1924 sunt,
1403 1866 1473 1910 sese

252 1952 426 2042 excipiant,
451 1953 681 2039 Lindopolitae
703 1961 737 2019 et
755 1953 855 2020 Olasii
877 1960 1000 2019 ceteros
1019 1974 1135 2019 omnes
1150 1973 1290 2018 numero
1305 1958 1470 2038 superant.

340 2043 443 2125 Haec¹
458 2067 545 2139 sunt,
570 2082 657 2145 quae
680 2061 721 2126 de
742 2059 883 2134 Rhodiis
906 2060 1000 2147 pagis
1023 2059 1182 2125 adnotare
1203 2058 1332 2124 iuverit.

339 2164 439 2230 Nunc
461 2187 538 2232 vero
560 2166 668 2254 primo
685 2168 757 2232 loco
774 2166 815 2232 de
831 2167 901 2232 sola
916 2164 1160 2231 Camirensium
1174 2165 1306 2231 civitate
1322 2185 1470 2250 agamus.

338 2271 452 2336 Altera
467 2271 711 2338 Camirensium
733 2272 922 2338 distributio
942 2272 1030 2337 sacta
1052 2278 1122 2336 erat
1139 2292 1197 2357 per
1212 2271 1348 2336 ctoinas.
1380 2271 1471 2357 Legi-

250 2395 325 2442 mus
353 2377 442 2443 enim
465 2378 501 2443 in
523 2379 737 2466 inscriptione
759 2379 907 2465 quadam
931 2377 1054 2444 Camiri
1082 2379 1202 2446 effossa
1223 2376 1293 2464 (Tr.
1317 2401 1344 2444 0.
1368 2379 1418 2443 the
1440 2401 1467 2442 r.

248 2505 307 2549 soc.
332 2483 390 2548 ΧΙ.
412 2507 443 2570 p.
466 2487 541 2566 436,
558 2487 618 2552 Br.
636 2489 724 2554 Mos.
745 2509 777 2551 n.
800 2484 887 2571 351),
907 2507 1011 2571 quam
1026 2485 1218 2551 Newtonius
1239 2484 1325 2550 inter
1340 2504 1466 2549 annum

140 2615 145 2630 ·
249 2591 312 2656 407
337 2597 371 2655 et
392 2591 574 2657 Alexandri
594 2615 715 2686 aevum
730 2593 871 2658 incisam
889 2613 960 2658 esse
975 2592 1165 2657 arbitratur:
1189 2595 1246 2665 τὰς
1268 2595 1391 2665 arcton<
1414 2596 1469 2662 τὰς

251 2695 414 2782 Καμιρὲων
437 2701 493 2771 τὰς
511 2698 547 2781 1ἐν
570 2712 607 2783 τᾷ
630 2705 713 2784 νάσῳ
736 2703 789 2764 καὶ
816 2705 872 2771 τὰς
899 2697 930 2763 ἐν
958 2710 997 2783 τᾷ
1024 2698 1139 2783 ἀπείρῳ
1167 2697 1339 2784 ἀναγράψαι
1365 2703 1469 2769 πάσας

251 2851 336 2868 ....
361 2809 458 2890 χωρὶς
481 2805 623 2893 Karape,
647 2803 767 2893 ἐξήμειν
791 2807 824 2869 δὲ
848 2809 902 2869 καὶ
925 2805 1106 2891 Χαλκήταις
1128 2803 1356 2890 ἀναγραφήμειν
1379 2803 1411 2868 ἄν
1427 2826 1469 2867 να

250 2907 426 2996 χρηΐζονται
450 2960 508 2976 ...
535 2910 569 2993 ἐγ
586 2914 618 2976 δὲ
641 2925 751 2978 tantan
774 2925 828 2976 τᾶν
851 2924 970 2977 κτοινᾶν
986 2911 1193 2976 &hebetantem
1216 2913 1286 2984 τοὺς
1309 2916 1469 2982 κτοινάτας

251 3023 383 3100 μάστρον
396 3017 426 3083 ἐν
441 3003 482 3103 τῷ
498 3015 568 3102 ἱερῷ
591 3031 632 3102 τῷ
646 3019 803 3104 ἁγιωτάτῳ
827 3017 858 3082 ἐν
873 3031 911 3103 τᾷ
934 3023 1038 3102 stoica
1062 3021 1144 3082 κατὰ
1162 3020 1211 3082 τὸν
1234 3023 1323 3102 νόμον
1338 3022 1387 3082 τὸν
1411 3029 1468 3082 τῶν

252 3121 387 3189 Ῥοδίων.
422 3123 463 3189 In
479 3124 543 3189 alio
558 3132 671 3190 autem
687 3125 783 3190 titulo
798 3144 901 3211 prope
916 3125 1087 3190 (lamirum
1104 3116 1241 3190 inuento
1257 3130 1289 3188 et
1302 3146 1323 3188 a
1337 3124 1469 3190 Martha

250 3231 345 3296 tertio
368 3251 396 3294 a.
422 3229 482 3296 Oh.
507 3231 637 3296 saeculo
659 3231 784 3297 tributo
811 3230 903 3317 (0.1.
928 3230 986 3296 IV.
1010 3253 1042 3317 p.
1075 3233 1137 3297 139
1160 3253 1190 3296 v,
1219 3230 1270 3315 10)
1293 3235 1469 3295 occurrunt

251 3336 351 3402 verba
382 3341 436 3400 καὶ
459 3335 553 3401 ἄλλον
585 3341 674 3403 τόπον
698 3335 728 3402 ἐν
756 3350 794 3422 τᾳ
818 3343 933 3421 arctoa,
965 3357 1052 3423 quae
1081 3337 1181 3403 verba
1210 3336 1320 3401 nescio
1350 3355 1394 3399 an
1425 3333 1469 3398 ad

252 3440 435 3528 εΡογν)ἱ)02)
450 3450 549 3508 antea
563 3437 785 3510 memoratum
796 3444 981 3530 respiciant.
1018 3443 1148 3521 Quibus
1162 3443 1266 3509 titulis
1281 3440 1470 3527 nuperrime

250 3549 365 3614 tertius
394 3550 530 3616 accessit
556 3572 657 3636 prope
684 3549 883 3616 hodiernum
911 3550 1022 3615 vicum
1050 3549 1186 3615 Sianam
1213 3549 1250 3614 in
1276 3546 1471 3614 occidentali

250 3655 379 3721 insulae
401 3663 493 3741 parte
515 3665 672 3742 repertus,
697 3679 800 3742 quam
823 3657 866 3722 ad
890 3656 1116 3722 Camirensem
1134 3658 1252 3741 agrum
1274 3655 1471 3741 pertinuisse

252 3781 547 3790 ——-—.--——-——-
1314 3781 1472 3789 ——u--ae

340 3832 360 3900 1)
378 3835 509 3888 Fortasse
537 3836 622 3888 etiam
650 3851 682 3890 ea
709 3831 751 3888 ra¹
766 3837 868 3888 horum
896 3835 1023 3902 lapidum
1051 3833 1227 3900 cognoscitur
1248 3839 1370 3900 tempus,
1395 3834 1471 3900 quod

251 3921 464 3976 Aristomachus
477 3923 628 3976 Alexarchi
646 3924 720 3976 filius
740 3924 868 3990 Lindius,
887 3923 982 3990 quiin
1001 3921 1186 3987 inscriptione
1204 3921 1255 4007 Βν.
1270 3923 1344 3976 Mas.
1363 3939 1391 3974 n.
1411 3926 1469 3986 357,

251 4027 277 4063 v.
297 4016 330 4063 26
350 4016 590 4078 commemoratur,
609 4013 686 4064 idern
705 4027 767 4065 esse
781 4012 900 4077 videtur,
920 4012 1012 4077 quiin
1029 4010 1112 4063 titulo
1128 4011 1169 4063 M.
1183 4027 1209 4063 a.
1230 4009 1261 4062 0.
1283 4013 1359 4077 1883,
1378 4028 1405 4076 p.
1421 4013 1468 4062 136

230 4147 233 4155 .
252 4115 279 4153 n.
300 4103 332 4152 72
351 4100 421 4152 latet
438 4097 646 4172 'Alptordpapog
665 4098 855 4170 ’Aleic'dppoa
874 4099 1039 4152 Lindiorum
1057 4098 1216 4152 sacerdotio
1235 4099 1356 4152 functus.

340 4186 361 4254 ²)
380 4187 509 4260 Ῥογκ[1]ῳ
529 4190 606 4242 enim
625 4205 682 4242 non
701 4187 849 4261 εΡογν)ύ]ῳ,
869 4189 944 4254 quod
957 4188 1070 4240 Martha
1085 4186 1180 4250 voluit,
1200 4186 1390 4254 supplendum
1408 4201 1471 4238 esse

251 4276 333 4328 docet
350 4275 449 4329 titulus
468 4276 508 4329 M.
528 4295 553 4330 c.
570 4265 599 4331 (l.
615 4281 691 4346 1883,
706 4295 733 4344 p.
755 4281 804 4329 116
825 4317 852 4329 ..
869 4317 875 4329 .
891 4274 1029 4356 “Poseidon
1058 4275 1164 4328 Contra
1177 4273 1320 4344 Ῥογχὶδας
1333 4277 1384 4328 Br.
1396 4273 1470 4328 Mus.

251 4381 278 4418 n.
299 4367 350 4417 353
370 4364 529 4416 exhibitum
548 4382 605 4418 non
625 4382 688 4418 cum
702 4363 850 4418 Newtonio
867 4364 943 4416 idem
961 4363 1131 4416 demoticum
1149 4363 1318 4428 intellegam.
1346 4363 1388 4415 De
1401 4378 1472 4415 com·

253 4470 358 4536 pendia
378 4471 473 4523 autern
491 4472 541 4526 Br.
554 4471 628 4526 Mas.
642 4459 708 4538 344,
717 4469 748 4525 C.
764 4475 804 4524 17.
818 4476 862 4525 51.
876 4475 918 4524 55.
932 4474 966 4523 58
979 4470 1107 4523 adhibito
1120 4432 1227 4522 iP⁰P0
1246 4469 1317 4522 nihil
1331 4486 1382 4536 pro
1396 4476 1472 4523 certo

254 4559 389 4612 affirmari
408 4564 510 4626 potest.
