3300 5142
759 391 1093 481 -10-.·

260 587 400 652 ethnicis
423 586 506 652 falso
529 585 672 670 cogitari.
708 577 817 650 Immo
840 585 893 653 vel
914 605 1024 650 unum
1039 585 1221 652 alterumve
1237 584 1353 653 Cariae
1374 585 1480 670 proxi·

260 709 463 778 morumque
493 691 613 758 finimn
651 690 888 778 oppidulum
879 714 915 758 1n
942 692 1007 757 illis
1040 713 1112 757 esse
1139 690 1390 776 agnoscendum
1417 692 1480 756 cxi·

261 800 369 878 stimo,
393 798 484 884 quod
502 798 613 864 adhue
636 797 788 862 omnium
807 818 866 862 sen
867 799 970 863 tentia
986 798 1107 863 Rhodo
1130 805 1179 863 att
1165 797 1281 863 tribuit
1267 805 1330 863 tur
1351 797 1481 928 Atque
1536 824 1538 829 ·

259 907 374 992 paucis
397 904 555 992 exemplis
577 903 641 969 hoc
663 903 802 990 probare
824 904 930 970 liceat.
1512 907 1515 911 ’

347 1011 517 1078 Rossius'
508 1033 545 1076 111
567 1011 651 1078 libro
675 1031 735 1076 suo
758 1011 842 1076 Hett.
866 1032 897 1096 p.
919 1013 979 1076 107
1004 1033 1038 1076 n.
1055 1012 1099 1076 35
1126 1033 1209 1076 a—c
1232 1010 1365 1077 duoltus
1385 1010 1480 1077 novis

259 1120 299 1184 tit
285 1120 364 1185 tulis
387 1118 481 1184 adiut
467 1125 521 1184 tus
537 1117 657 1184 demot'
635 1124 739 1183 ticum
751 1115 899 1204 Apro<
890 1139 927 1182 111
940 1119 1154 1204 inscriptione
1181 1118 1261 1184 GI.
1286 1119 1326 1183 G.
1343 1124 1376 1181 n.
1394 1117 1478 1182 2547

259 1226 402 1292 restituit
423 1247 550 1293 novum
563 1223 736 1294 Rhodium
760 1223 898 1290 demum
911 1223 1004 1312 “Aps
1026 1223 1281 1312 deprehendisse
1298 1223 1362 1288 sibi
1380 1223 1479 1289 visus

260 1333 377 1418 Neque
393 1332 448 1397 ,do
478 1331 617 1397 lectione
640 1339 763 1396 errasse
785 1331 896 1411 virum
919 1331 1056 1396 doctum
1086 1330 1301 1416 inscriptione
1324 1335 1482 1414 sequente
1535 1366 1538 1375 ι

231 1467 233 1475 ’
260 1459 349 1504 anno
364 1439 476 1520 (1847)
490 1459 511 1502 a
525 1437 665 1502 Franzio
680 1438 716 1502 in
732 1437 911 1503 annalibus
926 1437 1071 1502 instituti
1085 1420 1231 1502 Romani
1246 1459 1289 1523 p:
1299 1437 1371 1515 107,
1391 1457 1424 1500 11.
1441 1437 1481 1501 12

148 1557 151 1572 ’
260 1543 413 1630 evulgata
437 1541 1019 1629 (1066111111(ἈγέατρατοςΤιμαγόρα
1037 1541 1173 1629 Ἅμιος).
1206 1541 1334 1607 Verum
1358 1542 1482 1628 fugisse

260 1671 337 1716 eum
359 1655 451 1736 patet
466 1649 627 1735 Stephani
642 1650 794 1735 Byzantii
816 1649 909 1715 locus
933 1671 958 1714 s.
983 1671 1014 1716 v.
1037 1645 1152 1735 Ἀμας,
1176 1652 1265 1721 πόλις
1291 1647 1416 1734 Καρίας
1438 1647 1481 1720 ὡς

260 1755 467 1842 Ἀλέξανδρος
489 1755 543 1843 (sc.
569 1755 767 1843 Polyhistor)
791 1756 822 1820 ἐν
845 1769 887 1842 τῷ
910 1759 979 1841 περὶ
997 1755 1121 1842 Καρίας
1137 1757 1278 1841 δευτέρῳ,
1303 1760 1337 1820 τὸ
1360 1754 1481 1821 ebriata

142 1849 147 1861 i
258 1863 411 1950 ’Άμιος
396 1889 439 1938 ως
455 1863 580 1964 Σάμιας,
599 1863 743 1940 Katane,
767 1863 891 1949 quibus
909 1862 1018 1930 verbis
1033 1863 1162 1928 Arnum
1184 1884 1229 1928 16
1234 1883 1313 1930 vera
1334 1863 1372 1927 in
1386 1861 1482 1927 Caria

260 1971 362 2036 fuisse
384 1971 552 2056 probatur
604 1970 712 2036 Simul
745 1970 853 2055 patria
885 1969 1063 2035 Nicostrati
1098 1970 1282 2055 sophistae,
1318 1968 1413 2033 cuius
1446 1969 1482 2080 in

259 2078 357 2143 titulo
383 2078 417 2144 0
441 2078 470 2143 Ι.
497 2078 536 2172 G
561 2078 646 2142 2541
671 2098 749 2142 men
750 2077 796 2141 tio
750 2076 866 2155 tfit,
890 2075 1045 2141 innotuit

349 2184 528 2250 Deindem
544 2185 692 2270 catalogo
707 2185 895 2264 hominum,
919 2183 1031 2248 nescio
1049 2183 1144 2249 euius
1163 2184 1290 2247 σανόδα)
1307 2180 1481 2259 sociorum,

260 2291 319 2357 Br.
337 2291 425 2358 Mos.
442 2312 476 2356 n.
502 2291 576 2370 344,
601 2311 702 2375 quem
717 2289 936 2356 Newtonius
927 2310 964 2354 in
987 2288 1149 2354 addendis
1172 2294 1260 2354 recte
1281 2287 1392 2352 medio
1416 2286 1483 2352 fere
1533 2334 1537 2344 «

260 2399 368 2482 primo
389 2419 421 2484 p.
439 2397 498 2463 Oh.
517 2419 549 2462 n.
575 2397 706 2462 saeculo
717 2396 923 2482 insculptum
937 2417 1008 2461 esse
1023 2395 1187 2480 cognovit,
1211 2395 1247 2459 in
1262 2394 1419 2505 columpa
1430 2393 1480 2478 b62

262 2520 452 2606 Aristippus
475 2521 635 2608 Aristippi
658 2519 746 2586 filius
770 2521 920 2606 apposito
943 2520 1057 2606 ignoto
1088 2518 1220 2585 ethnico
1243 2519 1312 2603 By.
1326 2515 1415 2604 ,(Β)
1436 2538 1481 2582 16

262 2634 423 2692 censetur.
462 2627 535 2692 lam
552 2649 629 2692 cum
651 2626 763 2712 plures
778 2626 867 2692 illius
883 2625 972 2694 tituli
986 2626 1140 2692 homines
1155 2646 1197 2689 ex
1213 2624 1309 2689 Uaria
1324 2622 1481 2688 oriundos

261 2754 331 2799 esse
363 2738 506 2812 constet,
541 2733 654 2798 Cariae
677 2739 790 2798 autem
813 2732 901 2797 urbs·
917 2732 1087 2818 Stephano
1110 2732 1182 2796 aliis
1205 2730 1320 2795 multis
1343 2729 1482 2795 testibus

261 2839 360 2904 fuerit
382 2837 552 2923 Βὺβαασος,
575 2845 608 2904 61
631 2837 795 2924 Βαβάσαιοι
818 2839 1018 2921 inRhodiis
1045 2837 1150 2904 titulis
1175 2837 1414 2922 sepulcralihus
1436 2836 1483 2900 in-

172 2933 173 2942 *
260 2945 439 3056 veniantur
461 2939 513 3028 (ef.
544 2947 570 3010 t.
594 2948 623 3011 b.
653 2947 713 3011 IX.
738 2967 769 3032 p.
803 2948 866 3011 119
890 2967 922 3010 n.
949 2944 1012 3032 20),
1044 2944 1155 3010 nescio
1178 2965 1223 3008 an
1246 2942 1483 3029 compendium

263 3068 346 3134 illud
369 3069 397 3133 B
421 3067 613 3154 Bullidenses]
639 3070 682 3135 sit
704 3068 963 3134 exaudiendum.
1204 3156 1206 3159 ι

353 3175 476 3240 Contra
498 3175 605 3260 magis
629 3174 820 3241 dubitanter
843 3174 1058 3242 iudicaverint
1083 3174 1124 3239 de
1147 3172 1352 3259 compendiis
1379 3171 1482 3236 ethni-

148 3346 151 3350 ,
263 3303 378 3347 corum
409 3283 458 3346 in·
478 3281 596 3346 eadem
625 3281 839 3368 inscriptione
871 3281 1029 3347 adhibitis
1061 3279 1108 3366 (O.
1136 3281 1191 3367 43)
1225 3278 1302 3366 Ἕρμ
1333 3285 1365 3344 61
1388 3277 1482 3359 Φαγα

262 3387 308 3475 (Ο.
327 3391 378 3454 34.
404 3387 468 3474 35).
494 3385 659 3453 Columna
677 3395 789 3474 autem
806 3388 841 3453 O.
859 3390 902 3454 43
921 3387 1112 3454 Newtonius
1135 3387 1215 3472 legit
1232 3383 1288 3451 At
1302 3383 1482 3457 Βοαααὶδιος

264 3494 438 3582 Δημήτριος
463 3491 550 3580 ‘lippa
596 3495 669 3559 Iam
683 3497 771 3560 'cum
793 3496 830 3559 in
856 3516 934 3560 voce
957 3494 1131 3582 Δημήτριος
1158 3493 1331 3579 genetivus
1353 3492 1483 3577 paterni

262 3601 407 3666 nominis
423 3601 524 3666 latere
539 3600 666 3681 debeat,
687 3596 729 3666 ¹N
730 3603 891 3668 eutonius
907 3602 1022 3686 ignoro
1038 3607 1151 3666 utrum
1165 3597 1327 3686 lapicidae
1342 3619 1482 3664 errorem

262 3707 490 3772 admiserit-
505 3707 590 3772 nihil
612 3709 700 3773 enim
724 3708 896 3775 adnotavit
911 3747 955 3754 -
970 3729 1014 3772 an
1036 3707 1228 3792 genetivum
1243 3727 1262 3772 a
1278 3706 1484 3773 nominativo

263 3814 419 3902 Δημήτρις
442 3814 628 3880 derivatum
651 3815 715 3880 sibi
737 3815 878 3879 finxerit.
920 3814 1019 3891 Quod
1041 3820 1119 3878 utut
1141 3819 1199 3892 est,
1223 3813 1308 3877 mihi
1326 3820 1484 3879 neutrum

262 3921 378 4006 placet.
418 3921 627 3987 Probabilius
650 3921 739 3986 enim
762 3921 847 3986 mihi
868 3921 934 4006 legi
957 3920 1087 3987 videtur
1109 3917 1161 3997 Al.
1179 3918 1360 3992 Βουααίδιος
1376 3918 1484 4006 Δημη-

263 4024 364 4111 rplob]
391 4025 481 4113 Σερμ.
533 4027 742 4092 Haberemus
770 4034 844 4092 tum
867 4028 1004 4092 fortasse
1031 4027 1119 4091 idem
1150 4026 1308 4091 ethnicon
1340 4025 1482 4113 Σερμεῦς,

263 4131 354 4217 quod
377 4132 413 4197 in
435 4131 559 4197 tabulis
575 4133 832 4198 Atheniensium
856 4134 1020 4198 sociorum
1040 4133 1171 4221 saepius
1186 4131 1271 4198 redit
1286 4129 1338 4219 (cf.
1355 4135 1482 4212 11111161,

263 4241 346 4303 Ata.
371 4241 401 4304 d.
425 4240 514 4304 Berl.
539 4240 644 4304 Abod.
672 4241 765 4318 1869,
790 4260 865 4325 pag.
891 4241 954 4306 180
977 4261 1002 4304 s.
1026 4262 1058 4306 v.
1088 4239 1131 4326 Σ).
1187 4239 1281 4316 Quae
1303 4246 1414 4304 tamen
1439 4239 1484 4304 di·

263 4344 389 4410 vinatio
406 4345 506 4409 nimis
530 4345 655 4410 incerta
676 4347 748 4412 visa
763 4347 847 4412 mihi
863 4353 958 4426 esset,
981 4346 1056 4411 ideo
1071 4347 1226 4426 maxime,
1250 4345 1340 4432 quod
1357 4344 1487 4430 Σερμεῐς

262 4451 299 4515 in
322 4451 527 4516 Thracorum
551 4450 749 4517 tributorum
774 4452 898 4518 tabulis
922 4459 1168 4532 enumerantur,
1192 4452 1350 4538 pleraque
1371 4458 1485 4517 autem

263 4557 401 4622 nomina
424 4558 460 4621 in
482 4558 539 4623 illo
563 4559 712 4644 catalogo
735 4568 930 4625 enumerata
954 4559 995 4623 ad
1020 4559 1240 4624 meridianam
1262 4558 1361 4622 Asiae
1384 4564 1420 4623 et·
1438 4560 1481 4623 in·
