3300 5142
664 353 949 417 -aa-a

166 545 253 612 viros
286 547 450 632 superiore
482 567 571 610 anno
605 552 682 610 ante
714 565 769 610 eos
796 551 951 625 mastros,
980 566 1001 610 a
1035 545 1158 631 quibus
1191 546 1381 626 laudantur,

167 658 366 718 mastrorum
381 673 519 718 munere
534 651 665 716 functos
689 671 759 716 esse
782 651 956 717 existimat.
994 651 1088 728 Quae
1102 652 1223 738 opinio,
1243 653 1272 718 si
1288 654 1382 718 certis

167 757 369 842 quibusdam
391 757 595 844 argumentis
618 756 727 822 fulciri
748 763 868 842 posset,
887 777 1023 824 novum
1050 757 1222 843 quoddam
1245 759 1286 823 de
1307 759 1383 824 Lin-

77 919 78 922 1
166 863 298 930 diorum
320 865 491 930 communi
513 863 643 930 afferret
664 847 809 928 lmnens
835 862 962 929 Verum
984 869 1099 929 tamen
1125 884 1235 950 neque
1261 865 1384 951 Botter

146 971 388 1053 ,mundiusea
402 969 539 1056 protulit
553 989 662 1056 neque
684 971 754 1056 ipse
768 968 912 1048 invenio,
936 975 975 1034 ut
993 990 1031 1034 ea
1053 991 1089 1036 re
1113 1009 1152 1016 -
1177 991 1383 1056 quamquam

166 1077 262 1142 facile
293 1076 340 1142 sic
367 1097 409 1141 se
432 1076 554 1142 habeat
583 1111 622 1122 -·
652 1075 748 1161 quasi
779 1075 1005 1164 fundamento
1021 1075 1179 1141 nitiuon
1206 1078 1382 1162 possimus.

166 1184 337 1248 Praeterea
366 1183 482 1247 mastri
508 1203 577 1248 una
606 1201 683 1247 cum
713 1181 837 1268 populo
863 1181 1059 1267 impertiunt
1085 1183 1226 1248 honores
1254 1183 1384 1249 decreto

166 1289 257 1376 apud
283 1289 441 1354 Rossiunr
464 1283 561 1356 Arcb.
587 1290 681 1370 Aufs.
710 1289 752 1368 Il,
785 1310 817 1374 p.
847 1290 912 1353 615
945 1310 977 1352 n.
1008 1290 1050 1354 26
1078 1286 1139 1374 (M.
1164 1313 1194 1355 o.
1219 1277 1255 1355 (l.
1289 1291 1382 1368 1883,
1465 1338 1467 1341 -

159 1417 198 1482 p.
226 1397 288 1460 130
310 1417 343 1460 n.
369 1394 444 1482 57?)
460 1395 622 1480 evulgato.
662 1393 785 1459 Contra
798 1393 1012 1480 inscriptione
1034 1415 1055 1460 a
1076 1395 1194 1461 Rossio
1210 1397 1261 1461 Iu.
1286 1398 1330 1460 ta.
1349 1417 1383 1459 n.

167 1504 264 1569 27118
288 1501 416 1588 prolata
438 1501 499 1566 soli
521 1501 667 1586 aliquem
688 1497 860 1567 hominem
883 1501 1062 1568 honorasse
1084 1501 1247 1567 videntur.
1287 1502 1384 1567 Deni-
1474 1519 1478 1522 ·

166 1629 232 1696 qus
263 1607 300 1673 in
331 1607 428 1672 titulo
458 1607 548 1692 apud
575 1607 732 1672 Rossium
758 1607 841 1674 Hcll.
869 1630 900 1693 p.
934 1609 996 1674 115
1024 1631 1056 1673 n.
1086 1610 1128 1674 47
1158 1629 1236 1674 cum
1262 1608 1385 1694 populo

166 1715 336 1796 coniuncti
351 1713 441 1781 salvo
456 1713 589 1778 maioris
607 1712 782 1794 cuiusdam
798 1715 1011 1800 magistratus
1026 1714 1097 1779 iure
1112 1714 1154 1780 de
1169 1715 1386 1799 choregorum

167 1826 199 1902 et
227 1819 384 1886 electione
406 1825 438 1884 et
465 1817 580 1884 officiis
607 1818 790 1884 decernunt
816 1827 849 1885 et
874 1815 1044 1887 flaminem
1067 1821 1220 1886 Athenae
1249 1819 1387 1885 nomina

169 1937 227 2012 ray
250 1927 505 2012 κατασχεθέντων
528 1924 628 1990 adse
652 1924 776 1990 deferre
797 1917 923 1991 iubent.
963 1925 1113 1990 Scribam
1136 1932 1249 1991 autem
1272 1927 1312 1992 iis
1332 1925 1385 1991 ad·

171 2031 280 2097 ditum
303 2032 404 2097 fuisse
428 2038 460 2097 et
482 2053 523 2097 ex
537 2031 601 2097 hac
616 2032 829 2119 inscriptione
851 2031 893 2118 (p.
917 2035 978 2098 116
1003 2016 1038 2097 C.
1058 2035 1094 2113 7,·
1112 2035 1145 2112 8)
1166 2038 1200 2098 et
1221 2053 1263 2097 ex
1285 2033 1387 2097 altera

167 2136 276 2225 (Arois.
300 2141 395 2222 Aufr.
419 2159 450 2224 p.
476 2140 542 2204 604
559 2161 592 2204 n.
621 2140 674 2218 15)
693 2145 902 2225 compertum
924 2139 1098 2204 habemus.
1134 2138 1238 2204 Cuius
1261 2145 1387 2224 quanta

167 2244 265 2310 fuerit
288 2244 440 2330 dignitas,
464 2244 543 2310 inde
566 2251 616 2310 est
637 2245 860 2331 perspicuum,
884 2245 975 2330 quod
994 2267 1035 2310 ex
1058 2243 1161 2310 altera
1174 2245 1387 2331 inscriptione

166 2371 244 2417 eum
267 2357 365 2416 antea
387 2351 533 2442 plurium
558 2350 695 2416 deorum
718 2351 873 2416 flaminiis
895 2352 1076 2438 praefuisse
1102 2351 1341 2436 cognoscimus.

256 2457 387 2534 Quibus
414 2458 560 2523 tractatis
587 2463 702 2538 restat,
733 2465 772 2523 ut
799 2458 841 2524 de
867 2457 983 2544 populi
1010 2465 1172 2544 potestate
1190 2457 1387 2523 testimonia

166 2581 392 2650 congeramus.
875 2582 878 2585 ¹

254 2671 406 2736 Primum
424 2670 559 2756 quidem
576 2692 618 2736 ex
632 2669 728 2736 titulo
744 2671 852 2736 musei
873 2669 1057 2735 Britannici
1078 2691 1112 2734 n.
1137 2671 1200 2734 357
1225 2669 1384 2735 Lindium

165 2777 328 2863 populum
350 2777 563 2866 magistratus
586 2799 664 2844 suos
686 2798 755 2842 uon
777 2775 843 2842 nisi
866 2797 908 2840 err
935 2776 1013 2862 ipsis
1036 2775 1164 2841 Lindiis
1187 2797 1313 2842 creasse
1334 2796 1383 2841 ac-

167 2883 316 2970 cipimus
364 2884 491 2950 Deinde
514 2890 626 2950 autem
654 2904 732 2949 eum
759 2903 829 2948 una
858 2903 936 2947 cum
962 2883 1093 2948 mastn's
1119 2883 1272 2948 homines
1298 2882 1384 2948 bene

168 2990 210 3056 de
239 2990 371 3056 civitate
404 2991 538 3056 meritos
571 2989 754 3056 honoribus
789 3010 965 3054 exornasse
998 2989 1150 3075 pluribus
1181 2991 1218 3055 in
1250 2989 1387 3055 decretis

168 3096 268 3162 modo
291 3095 445 3163 vidimus.
492 3096 556 3162 His
579 3096 716 3182 adiungi
743 3102 885 3182 possunt
906 3095 995 3161 tituli
1017 3097 1093 3162 Rev.
1111 3098 1209 3162 Aret.
1236 3098 1319 3160 1867
1343 3095 1386 3174 Π,

168 3225 199 3290 p.
225 3205 267 3269 26
291 3224 323 3266 n.
350 3203 406 3279 68;
431 3203 527 3268 Arcb.
542 3204 637 3284 Aufr.
661 3201 704 3282 Π,
720 3223 752 3288 p.
771 3204 836 3268 610
850 3223 922 3287 sqq.
939 3224 972 3266 n.
991 3203 1132 3282 20-25,
1156 3223 1187 3288 p.
1212 3204 1386 3281 589n.1;
1464 3280 1467 3291 Ι

168 3310 250 3376 Hell.
274 3330 305 3394 p.
332 3310 374 3374 99
397 3330 429 3372 11.
448 3309 523 3376 2316
549 3330 630 3394 sqq.,
651 3308 687 3373 in
703 3307 825 3394 quibus
842 3309 964 3374 omissa
978 3315 1178 3374 mastrorum
1201 3309 1326 3373 mentio
1349 3329 1388 3373 eo

122 3467 125 3480 .
169 3415 324 3502 explicari
341 3413 431 3496 ,mihi
452 3414 591 3494 videtur,
616 3413 717 3500 quod,
742 3436 819 3480 cum
834 3415 958 3501 priores
979 3414 1056 3478 illae
1077 3414 1306 3499 inscriptiones
1332 3415 1388 3480 ho-

156 3543 290 3587 ·norum
314 3521 444 3586 decreta
466 3522 538 3608 ipsa
561 3522 761 3601 contineant,
785 3522 821 3586 in
848 3519 901 3587 his
925 3526 1061 3586 'tantum
1090 3521 1223 3586 basium
1250 3523 1388 3591 subscri·

170 3629 298 3713 ptiones
326 3634 465 3706 exstant,
500 3649 584 3713 quas
612 3627 805 3694 concisiores
836 3647 905 3692 esse
932 3649 1001 3694 non
1028 3633 1078 3692 est
1103 3628 1236 3692 mirum.
1287 3629 1389 3694 Recte

172 3739 284 3828 autem
312 3722 472 3808 Kuhnius
500 3733 622 3819 aliique
648 3739 856 3822 monuerunt
878 3754 1056 3818 nunquam
1087 3733 1123 3798 in
1152 3733 1257 3798 titulis
1284 3733 1349 3820 legi
1372 3731 1389 3797 ὁ

172 3843 270 3928 δᾶμος
297 3838 488 3910 ὃΛινδίων,
516 3839 574 3906 sed
602 3858 730 3927 semper
752 3840 871 3906 Λίνδιοι
897 3840 950 3908 vel
972 3845 1006 3906 τὸ
1037 3843 1161 3928 πλῆθος
1188 3845 1221 3904 τὸ
1248 3840 1387 3906 Λινδίων.

171 3947 247 4024 Qua
269 3947 487 4033 appellatione
509 3948 581 4034 ipsa
604 3947 808 4034 significatur
830 3969 900 4012 non
921 3947 1052 4012 licuisse
1074 3947 1138 4012 illis
1154 3946 1389 4012 communibus

151 4055 239 4120 -suis
262 4054 410 4140 ipsorum
433 4054 561 4141 legibus
584 4056 642 4134 uti,
668 4076 753 4140 quae
775 4055 894 4120 iubent
915 4054 1006 4139 apud
1023 4053 1187 4140 populum
1209 4075 1280 4119 esse
1302 4074 1388 4119 sum·

171 4180 266 4224 mum
289 4160 437 4246 regimen
460 4168 493 4226 et
513 4161 716 4246 praesidium
733 4182 844 4226 rerum
867 4160 1077 4247 publicarum
1095 4152 1173 4225 cuin
1196 4160 1239 4226 ad
1262 4167 1389 4225 exteras

171 4267 321 4332 nationes
344 4273 418 4333 tum
445 4267 488 4332 ad
511 4267 598 4352 ipsas
626 4267 724 4332 urbes
751 4266 998 4352 pertinentium.
1044 4266 1139 4332 Haec
1166 4265 1315 4332 condicio
1343 4264 1389 4329 hr-

173 4373 301 4440 culente
317 4374 418 4440 ctiam
432 4373 510 4439 inde
525 4374 728 4461 perspicitur,
745 4371 837 4458 quod
851 4373 888 4437 in
910 4378 959 4437 tot
973 4373 1165 4452 honoribus
1182 4394 1265 4458 quos
1278 4370 1390 4436 Lindii

175 4475 395 4545 decernebant
422 4479 579 4566 (προεδρία
609 4477 640 4545 ἐν
670 4489 734 4550 τοῖς
764 4478 870 4561 ἀγῶσι,
901 4483 1017 4564 σίτησις
1047 4478 1078 4543 ἐν
1106 4476 1293 4562 ἱεροθυτεὶῳ,
1322 4501 1390 4542 στε-
