3300 5142
621 433 662 442 -
712 393 841 460 11..

120 613 151 677 p.
173 591 213 656 12
234 591 477 677 proposuimus
496 589 689 656 tractandus
704 589 836 657 videtur
849 587 946 676 (ἔδοξε
962 589 1133 677 Καμιρεῦσι
1148 596 1204 666 τὰς
1218 573 1340 668 cruitur

121 701 177 770 τὰς
199 695 362 785 Καμιρέων
386 702 442 770 τὰς
466 696 496 762 ἐν
511 708 549 780 τᾷ
572 701 654 781 νάσῳ
673 699 726 762 καὶ
741 701 798 769 τὰς
814 694 845 760 ἐν
860 708 898 781 τᾷ
912 695 1028 783 ἀπείρῳ
1045 699 1216 785 ἀνατράψαι
1238 705 1341 773 πάσας
1368 713 1509 789 Καμιριῖς.

120 858 254 875 .......
265 809 345 875 κατὰ
369 809 418 868 τὸν
441 808 531 890 νόμον
549 806 599 890 τὸν
614 815 672 867 τῶν
689 799 834 868 Ῥοδίων,
847 855 854 868 .
867 851 875 866 .
888 800 971 890 eid).
1003 804 1078 869 Hos
1092 805 1195 891 igitur
1209 804 1339 873 decreto

48 931 49 968 r
117 917 262 1003 populus
286 911 484 980 Oamirensis
507 908 664 975 omnibus
685 908 739 989 iia,
768 909 828 994 qui
850 908 1092 976 Oamirensium
1120 911 1237 976 ctoinis
1263 933 1338 978 con·

97 1023 276 1100 tinemut,
302 1018 343 1086 do
365 1023 565 1083 mastrorum
588 1014 745 1081 electione
768 1019 849 1082 κατὰ
872 1017 921 1080 τὸν
948 1021 1038 1102 νόμον
1065 1018 1115 1083 τὸν
1138 1029 1195 1082 τῶν
1213 1014 1357 1084 Ῥοδίων

119 1127 313 1214 praescribit
334 1126 489 1212 ipsosque
511 1131 652 1188 mastros
676 1120 717 1187 de
740 1120 855 1188 officiis
868 1122 947 1188 ,suis
963 1121 1066 1188 docet
1099 1122 1175 1200 Quo
1189 1124 1227 1189 in
1241 1124 1338 1190 titulo

117 1236 215 1322 plura
224 1232 385 1300 notabilia
393 1231 477 1296 mihi
485 1227 649 1296 videntur
665 1227 817 1294 Primum
826 1228 917 1316 enirn
928 1234 1114 1294 memoratu
1125 1235 1176 1295 est
1186 1229 1336 1316 dignum,

118 1341 209 1426 quod
230 1341 266 1406 in
290 1361 328 1405 eo
351 1335 479 1403 decreto
502 1356 570 1400 unc
594 1339 627 1399 et
649 1332 717 1400 solo
731 1339 801 1400 noh
816 1333 917 1400 modo
938 1354 964 1399 e·
973 1332 1172 1400 Camirensis
1186 1335 1336 1418 civitatis,

46 1435 47 1520 1
118 1447 176 1512 sed
199 1449 299 1513 etiam
312 1444 516 1529 reliquarum
532 1435 675 1505 duarum
689 1439 824 1506 urbium
839 1439 1018 1526 plebiscitis
1033 1448 1234 1508 mastrorum
1248 1465 1337 1510 men-

46 1525 47 1562 *
118 1554 207 1619 nona
230 1551 353 1618 omissa
375 1551 495 1635 legitur
517 1547 602 1619 eata
625 1544 803 1632 sappam.
843 1545 972 1612 nenda
994 1553 1106 1613 auem
1125 1549 1205 1614 sads
1222 1550 1338 1636 magni

117 1660 279 1725 momenti
300 1677 370 1722 esse
392 1661 482 1741 puto,
508 1651 598 1738 qnod
620 1657 693 1716 tum
716 1652 863 1738 primum
886 1651 1129 1721 Oamirensium
1151 1657 1279 1722 ctoinaa
1300 1658 1337 1722 in

118 1767 201 1829 stela
221 1763 419 1848 perscriptae
451 1779 521 1825 esse
550 1753 713 1824 videntur.
760 1759 913 1845 Denique
941 1767 1196 1826 veroaecurata
1216 1762 1337 1830 iliade

118 1875 317 1934 mastrorum
341 1853 499 1934 electione
521 1863 703 1950 officiisque
720 1872 894 1953 praesepta
916 1886 986 1932 non
1009 1866 1164 1952 explicari
1186 1875 1334 1952 possunt,

120 1974 185 2042 uisi
212 1980 271 2040 aut
298 1993 375 2039 eum
402 1972 634 2058 magistratum
665 1971 733 2036 iam
758 1977 858 2038 antea
883 1971 920 2037 in
950 1993 1088 2038 munere
1111 1973 1213 2040 fuisse
1234 1995 1336 2061 negas

119 2087 179 2146 aut
194 2101 232 2145 eo
247 2087 394 2168 tempore
409 2077 536 2164 aliquid
552 2074 593 2144 de
608 2077 739 2144 mastris
755 2099 826 2144 ease
840 2079 1058 2144 immutatum
1073 2079 1179 2164 ponis.
1205 2079 1336 2158 Quibus

117 2187 323 2274 argumentis
345 2185 511 2252 adductus
534 2183 639 2250 facere
661 2205 731 2250 non
752 2205 900 2272 possum,
924 2184 1097 2270 quinqua
1126 2192 1232 2253 aetate
1252 2186 1337 2252 illud

119 2292 289 2358 decretum
313 2290 496 2357 (1011111101
517 2290 641 2377 populo
673 2289 824 2376 placeret,
862 2311 902 2356 ea
922 2298 983 2356 aut
1013 2292 1161 2378 primum
1194 2300 1336 2360 mastros

118 2405 244 2465 creatos
266 2437 310 2446 -
332 2397 366 2464 id
390 2397 481 2484 quod
503 2395 655 2485 pluribus
688 2395 729 2464 de
761 2397 870 2462 causis
892 2397 1005 2464 minus
1029 2404 1079 2463 est
1099 2398 1270 2484 probabile
1292 2437 1337 2446 -

117 2506 346 2592 autaliquem
368 2504 637 2570 immutationem
661 2501 702 2569 de
725 2523 841 2568 eorum
862 2524 1000 2570 munere
1013 2503 1147 2570 tactam
1171 2525 1241 2570 esse
1264 2526 1334 2572 cen·

109 2633 219 2677 seam.
273 2612 346 2677 Iam
379 2631 456 2678 eum
481 2609 675 2676 Newtonius
710 2629 751 2674 ex
781 2609 891 2676 verbis
922 2615 1002 2676 κατὰ
1020 2613 1074 2675 τὸν
1097 2615 1187 2698 νόμον
1210 2615 1260 2677 τὸν
1278 2625 1335 2677 τῶν

119 2715 245 2784 Ῥοδίων
268 2723 301 2782 et
333 2715 517 2782 litterarum
551 2716 664 2782 formis
696 2713 899 2782 concludens
928 2715 1066 2782 titulum
1098 2717 1185 2784 inter
1206 2738 1335 2786 annum

116 2825 181 2889 407
207 2829 239 2888 et
250 2822 433 2888 Alexandri
447 2829 580 2910 tempus
601 2822 745 2887 incisum
769 2841 839 2886 esse
862 2821 1044 2902 coniecerit,
1068 2845 1138 2889 non
1160 2825 1229 2891 veri
1244 2824 1335 2892 dissi·

116 2928 195 2994 mile
218 2926 302 2994 mihi
322 2928 462 3007 videtur,
485 2927 722 3014 popdiscitum
736 2925 820 2992 illud
836 2947 875 2992 eo
889 2933 1037 3014 temporo
1051 2949 1123 2994 esse
1137 2929 1335 3011 confectum,

116 3057 185 3119 quo
217 3033 341 3099 Rhodii
372 3039 405 3098 et
436 3054 522 3118 quae
550 3034 814 3118 uniuscuiusque
843 3035 994 3103 veterum
1028 3035 1226 3122 oppidorum
1252 3038 1337 3104 ratio

117 3162 196 3205 cum
227 3139 299 3225 ipsc
331 3139 437 3227 capite
467 3146 552 3206 esset
582 3147 616 3205 et
646 3160 714 3225 quo
745 3139 846 3205 modo
869 3161 983 3208 sorum
1005 3142 1210 3229 respublicae
1232 3143 1336 3210 admi-

116 3247 343 3326 nistrarentur,
361 3245 611 3312 constituerunt.
636 3246 858 3332 Nequaquam
873 3252 1074 3316 tamencum
1083 3248 1336 3315 Bottermundio

117 3356 160 3439 (p.
196 3351 247 3438 15)
282 3351 364 3428 inde
395 3351 522 3418 afficere
555 3373 733 3439 possumus
768 3353 909 3420 civitatis
940 3354 1033 3420 illam
1069 3354 1265 3421 divisionem
1299 3356 1336 3422 in

117 3466 238 3533 11011ος
270 3458 407 3524 demum
430 3464 506 3546 post
535 3458 703 3525 conditam
735 3479 859 3526 novam
891 3460 1008 3526 urbem
1040 3481 1111 3526 esse
1137 3461 1333 3527 institutam.

118 3558 226 3645 Immo
249 3587 289 3631 ex
310 3566 383 3652 ipso
406 3565 462 3631 illo
486 3565 615 3632 decreto
639 3564 765 3651 liquido
788 3572 925 3652 apparet
952 3567 1078 3633 ctoinas
1104 3566 1177 3632 illas
1205 3566 1335 3634 dudum

118 3671 227 3752 fuisse,
252 3672 382 3738 etiamsi
404 3676 478 3736 tum
501 3670 645 3756 denique
667 3671 963 3756 perscribebantur.

205 3777 245 3842 In
269 3779 382 3844 ceteris
410 3776 609 3844 Oamiransis
637 3777 777 3844 civitatis
805 3777 943 3843 decretis
971 3799 1099 3864 semper
1120 3817 1165 3826 -
1186 3779 1221 3844 id
1244 3779 1335 3865 quod

117 3883 217 3950 modo
240 3886 355 3952 monui
378 3922 420 3932 —-
444 3891 579 3950 senatus
602 3881 764 3971 (μάστρων)
787 3883 912 3949 mentio
940 3891 990 3949 est
1011 3884 1147 3950 adiecta.
1194 3886 1244 3950 De
1266 3894 1462 3972 quoptcrpoa.

116 4012 193 4056 cum
216 3991 408 4057 Newtonius
431 3989 595 4058 Bastiae.
620 4012 652 4077 p.
679 3991 741 4055 126
765 3990 844 4055 satis
868 3995 1020 4055 accurate
1034 3990 1231 4072 disseruerit,
1255 4013 1334 4078 pau·

116 4099 170 4178 eia,
195 4119 280 4184 quae
303 4118 345 4163 ex
366 4095 636 4182 inscriptionibus
659 4096 699 4161 de
722 4095 792 4161 eius
815 4094 931 4163 officiis
954 4095 1151 4176 efficiuntur,
1176 4098 1334 4184 complec-

114 4212 173 4268 tar.
221 4203 409 4274 Occurrunt
441 4203 543 4288 igitur
569 4202 774 4267 Camirenses
802 4201 918 4266 mastri
943 4202 979 4266 in
1009 4203 1100 4267 hisce
1129 4203 1247 4269 titulis:
1272 4206 1331 4270 Br.

116 4312 203 4374 Mos.
228 4310 302 4389 351,
320 4311 348 4392 j.
372 4310 409 4390 of
427 4311 456 4374 b.
480 4316 518 4375 st.
543 4308 593 4375 IV
615 4331 646 4394 p.
675 4309 746 4387 136,
771 4309 831 4373 Br.
856 4309 1099 4375 1111113113.
1135 4309 1189 4375 Ex
1210 4310 1333 4395 quibus

116 4413 221 4479 elucet
244 4435 298 4480 eos
322 4413 440 4480 eleetos
465 4435 535 4479 esse
564 4418 644 4478 κατὰ
667 4418 788 4486 arctans
819 4419 900 4478 κατὰ
927 4418 975 4479 τὸν
1003 4421 1093 4501 νόμον
1120 4421 1169 4482 τὸν
1198 4413 1333 4494 Ῥοδίων,

117 4519 302 4602 consedisse
335 4520 457 4586 Camiri
485 4540 562 4585 oum
591 4520 772 4610 hieropoeis
795 4519 832 4584 in
859 4521 983 4606 templo
1009 4521 1171 4600 Athenae,
1199 4520 1334 4607 publica

170 4633 380 4687 sohumacher,
396 4635 430 4678 De
443 4635 500 4686 Rep.
515 4635 592 4677 Rhod.
605 4633 784 4676 commentatio.
1210 4633 1226 4680 2
