3300 5142
770 359 992 424 -44..

268 533 356 618 tores
369 557 559 637 usurpatur;
584 551 773 636 immoynon
788 552 898 617 solum
914 552 1097 619 identidem
1112 553 1253 620 occurrit
1267 575 1332 619 vox
1347 553 1369 617 ἁ
1384 556 1492 638 βοολά,

269 657 327 724 sed
354 657 454 723 etiarn
481 658 517 723 in
546 657 643 749 titulo
670 657 753 725 (11.
779 659 818 724 G.
849 660 937 725 2530
963 659 1164 726 vocabulum
1188 662 1346 744 βουλευταί
1374 658 1494 744 legitur

268 761 320 849 (cf.
349 763 383 830 0.
400 766 429 830 Ι.
448 765 487 830 G.
505 762 612 850 3426).
648 764 800 850 Denique
823 763 859 830 id
874 770 1118 852 argumentum,
1136 786 1203 852 quo
1219 764 1493 830 Bottermundius

270 871 415 939 maxime
441 870 567 950 nititur,
595 870 693 956 plane
720 871 816 937 cadit.
871 871 1010 938 Minime
1041 871 1132 938 enim
1163 871 1206 943 ab
1229 871 1398 956 Hesychio
1428 892 1495 936 vox

269 984 398 1064 μάοτροι
420 977 617 1063 explanatur
644 977 676 1042 οἱ
704 984 788 1064 παρὰ
812 977 943 1052 Ῥοδίοις
970 983 1141 1062 βουλευταί,
1170 978 1228 1045 sed
1255 984 1338 1062 παρὰ
1362 975 1493 1052 Ῥοδίοις

270 1086 437 1168 βουλευταί.
488 1083 655 1171 Spectavit
681 1084 783 1170 igitur
808 1085 1011 1171 Hesychius,
1042 1086 1108 1151 nisi
1137 1086 1250 1151 omnia
1277 1107 1331 1151 me
1363 1085 1493 1163 fallunt,

169 1220 173 1230 ¹
270 1196 410 1258 mastros
433 1189 506 1255 illos
529 1191 631 1256 trium
654 1199 804 1258 veterum
834 1192 1042 1280 oppidorum,
1071 1192 1112 1259 de
1139 1193 1262 1278 quibus
1291 1213 1393 1277 supra
1415 1191 1493 1270 dixi,

271 1316 340 1362 non
363 1297 522 1382 spectavit
545 1297 661 1385 cepitis
684 1303 859 1364 senatores.
898 1300 1016 1385 itaque
1039 1299 1181 1365 dubium
1196 1319 1267 1390 esse
1285 1318 1355 1374 non
1376 1305 1493 1384 potest,

271 1403 354 1488 quin
376 1403 590 1470 Macedonica
612 1409 719 1473 aetate
741 1404 866 1470 Rhodii
889 1411 1054 1472 senatores
1077 1425 1155 1473 suos
1177 1405 1314 1470 nomine
1336 1407 1495 1488 βουλευταί

188 1527 189 1532 ’
272 1507 517 1596 appellaverint.
1197 1595 1201 1601 ι

315 1617 456 1696 [111100
479 1615 631 1684 homines
655 1617 743 1684 docti
767 1617 808 1682 de
836 1619 975 1705 singulis
1005 1625 1038 1684 et
1060 1626 1195 1685 senatus
1228 1625 1261 1684 et
1288 1614 1497 1684 comitiorum

272 1723 467 1788 muneribus
490 1722 752 1810 disputaverunt,
777 1726 814 1790 in
837 1725 1031 1792 universum
1054 1725 1174 1792 diserte
1201 1731 1235 1790 et
1262 1725 1499 1810 circumspecte

227 1889 228 1896 ,
272 1837 352 1896 sunt
374 1829 539 1915 expedita;
564 1837 677 1896 tamen
700 1852 809 1896 unum
835 1831 949 1898 minus
977 1831 1112 1897 feliciter
1138 1831 1388 1897 administrasse
1414 1830 1498 1895 mihi

272 1935 435 2002 videntur.
471 1935 611 2002 Duobus
634 1937 723 2002 enim
739 1959 757 2003 e
772 1937 903 2024 Polybii
925 1938 1005 2004 locis
1026 1938 1154 2024 primus
1169 1937 1366 2005 Paulsenius
1389 1957 1496 2003 assen-

272 2042 439 2108 tientibus
454 2042 520 2108 fere
542 2043 709 2123 omnibns,
734 2045 792 2129 qui
815 2044 857 2109 de
871 2043 1079 2127 Rhodiorum
1097 2043 1197 2109 rebus
1220 2050 1367 2129 egerunt,
1392 2043 1499 2110 effecit
1533 2065 1536 2070 ’
1642 2094 1644 2117 ,

274 2187 315 2196 -
339 2149 373 2215 id
397 2149 487 2235 quod
510 2171 568 2236 per
590 2171 625 2216 se
648 2157 697 2216 est
712 2149 948 2216 verisimile-
964 2150 1171 2238 gravioribus
1187 2150 1325 2236 quidem
1346 2151 1383 2214 in
1397 2148 1497 2215 rebus
1521 2196 1525 2202 ι

273 2257 455 2342 oportuisse
479 2262 613 2322 senatus
640 2256 770 2323 decreta
797 2278 817 2322 a
844 2257 968 2343 populo
995 2258 1124 2337 sanciri,
1157 2279 1226 2322 non
1255 2256 1439 2342 oportuisse
1461 2254 1497 2319 in

273 2362 467 2441 minoribus,
492 2383 601 2448 neque
624 2363 764 2429 comitiis
780 2363 978 2430 decernendi
995 2364 1048 2430 ius
1063 2364 1165 2430 fuisse
1183 2363 1247 2429 nisi
1263 2363 1304 2429 de
1326 2363 1373 2429 eis
1388 2361 1496 2439 rebus,

273 2489 359 2555 quae
391 2489 421 2564 a.
442 2474 560 2534 senatu
591 2468 634 2535 ad
662 2490 701 2534 ea
730 2469 816 2535 latae
843 2477 961 2536 essent.
1012 2470 1058 2536 At
1086 2471 1280 2556 quicunque
1310 2470 1384 2535 illos
1410 2469 1499 2534 locos

273 2575 373 2661 paulo
393 2574 582 2660 diligentius
605 2575 786 2664 perlegerit,
811 2576 859 2642 sic
881 2598 936 2644 eos
959 2597 1029 2643 esse
1048 2584 1254 2663 comparatos
1270 2575 1436 2655 concedet,
1461 2581 1500 2639 ut

274 2681 358 2748 nihil
380 2681 458 2747 inde
481 2703 555 2748 eam
578 2682 614 2747 in
637 2683 836 2748 sententiam
854 2682 963 2770 colligi
985 2684 1097 2770 possit.
1132 2685 1243 2755 Priore
1266 2683 1404 2769 quidem
1426 2682 1498 2746 loco

275 2787 305 2873 (l.
323 2791 374 2855 27.
395 2787 446 2875 14)
457 2787 617 2873 Polybius
632 2795 753 2868 narrat,
772 2809 850 2854 oum
864 2790 1002 2856 Perseus
1014 2811 1103 2856 anno
1122 2792 1185 2856 170
1199 2789 1324 2875 legatos
1339 2788 1498 2854 Rhodum

275 2895 316 2960 de
338 2894 538 2961 redimendis
562 2894 700 2980 captivis
723 2895 875 2975 misisset,
898 2917 963 2976 eos,
991 2897 1050 2982 qui
1076 2896 1245 2962 ininsula
1272 2917 1324 2961 res
1350 2894 1501 2981 publicas

276 3007 426 3087 gererent
440 2999 521 3086 (τοὺς
544 2989 812 3087 πολιτευομένους),
830 3002 986 3071 maximis
1007 3003 1044 3068 in
1066 3003 1229 3089 angustiis
1252 3023 1322 3068 esse
1344 3007 1499 3079 versatos,

277 3107 359 3194 quid
382 3109 526 3174 facerent
549 3107 749 3174 dubitantes.
785 3109 898 3174 Altera
921 3109 1011 3181 enim
1033 3129 1109 3195 pars
1131 3109 1249 3174 Perseo
1273 3108 1414 3188 favebat,
1439 3108 1501 3172 Ro

278 3213 386 3280 manis
409 3214 523 3281 altera..
566 3213 631 3278 Καὶ
653 3209 752 3290 τέλος,
775 3216 882 3300 pergit
904 3214 1062 3300 Polybius
1085 3214 1138 3282 vel
1160 3215 1271 3301 potius
1297 3214 1500 3300 epitomator,

168 3335 170 3341 '
278 3320 458 3408 ἐποιήσαντο
481 3322 612 3395 διάταξιν
636 3324 713 3404 πρὸς
736 3324 785 3386 τὸν
809 3321 932 3406 Περσέα
956 3326 1023 3406 περὶ
1049 3333 1103 3409 τῆς
1126 3333 1183 3388 τῶν
1206 3319 1410 3408 αἰχμαλώτων
1438 3321 1503 3384 δια-

278 3429 465 3514 λοτρώοεως.
501 3426 631 3504 Quibus
654 3427 690 3492 in
713 3427 821 3493 verbis
844 3449 922 3494 cum
941 3427 1066 3493 nullius
1081 3428 1261 3514 rogationis
1283 3427 1327 3492 ad
1341 3413 1503 3513 populum

274 3535 364 3600 latae
386 3535 445 3600 fiat
467 3535 601 3614 mentio,
625 3535 822 3601 Paulsenius
845 3535 938 3600 illam
961 3535 1111 3622 concepit
1132 3535 1332 3622 opinionem.
1376 3533 1504 3600 Verum

280 3663 383 3728 quam
405 3661 577 3726 perperam
591 3639 795 3721 iudicaverit,
820 3641 848 3706 si
870 3640 1012 3707 alterum
1033 3642 1146 3708 locum
1163 3640 1436 3727 perpensitaveris
1458 3641 1504 3706 in·

281 3747 421 3833 telleges.
469 3745 543 3824 Quo
567 3745 638 3811 loco
661 3744 692 3831 (l.
722 3749 773 3812 27.
801 3745 832 3833 7)
856 3754 1020 3826 narratur,
1055 3769 1132 3813 eum
1155 3767 1245 3813 anno
1275 3748 1341 3812 170
1364 3745 1505 3833 epistula

280 3853 438 3941 praetoris
460 3852 614 3932 Romani,
638 3873 706 3938 qua
729 3874 749 3917 a
771 3853 922 3920 Rhodiis·
935 3875 1036 3921 naves
1064 3851 1206 3940 petebat,
1234 3853 1395 3919 Rhodum
1422 3859 1505 3918 esset

282 3960 390 4040 allata,
413 3959 461 4025 ibi
488 3958 758 4025 deliberationem
781 3981 851 4026 esse
873 3957 1071 4040 institutam,
1102 3965 1218 4024 utrum
1244 3959 1409 4025 voluntati
1436 3958 1504 4023 eius

283 4066 541 4152 obsequerentur
563 4087 680 4144 neone;
706 4065 850 4152 denique
872 4073 985 4132 autem
1008 4066 1178 4132 decretum
1201 4065 1242 4130 de
1262 4063 1432 4130 mittendis
1451 4083 1505 4128 na-

282 4173 380 4239 vibus
403 4173 560 4258 apopulo
584 4193 654 4238 esse
677 4171 853 4238 sancitum.
900 4173 973 4238 Iam
995 4172 1211 4238 Paulsenium
1239 4178 1326 4237 recte
1353 4170 1506 4236 statuisse

184 4291 187 4297 ’
282 4285 364 4369 puto
387 4278 533 4364 primum
557 4277 826 4344 deliberationem
850 4278 891 4344 de
913 4277 1076 4344 mittendo
1098 4277 1223 4343 auxilio
1245 4278 1281 4342 in
1297 4282 1414 4344 senatu
1438 4298 1507 4343 esse

282 4384 441 4464 habitam,
467 4385 586 4451 deinde
601 4406 677 4451 vero
696 4385 901 4472 rogationem
917 4384 960 4450 ad
974 4385 1137 4471 populum
1157 4382 1309 4450 delatam.
1344 4381 1380 4447 Si
1394 4389 1508 4449 autem

284 4490 507 4580 epitomatoris
530 4491 752 4557 narrationem
769 4492 954 4559 accuratius
978 4483 1251 4577 contemplamur,
1268 4489 1438 4556 verbasci
1456 4499 1506 4554 τοῦ
