3300 5142
728 391 994 460 .-42..·

272 592 427 677 quitum
451 589 634 676 Cycladum
657 589 865 675 aliarumque
894 591 1080 655 insularum
1108 596 1177 655 crat
1197 589 1364 669 'dominus
1395 593 1497 657 missa

160 783 163 790 Ι
183 757 187 774 ,
265 696 374 783 (Rosa,
398 699 449 762 Ia.
465 699 511 762 ν’ν.
531 698 593 760 166
611 727 651 750 =
669 695 899 780 Dittmberycr,
921 697 997 781 Syll.
1020 694 1094 781 195)
1109 695 1237 781 aliquid
1251 697 1330 762 novi
1346 697 1496 782 colligere

178 879 180 884 ,
271 802 355 868 licet.
379 803 421 868 In
437 823 475 868 ea
490 803 579 870 enim
594 802 749 886 legimus:
769 802 817 868 ἐπὶ
833 802 1045 888 Λυσικράτεος
1058 805 1220 889 δαμιεργοῦ
1236 806 1332 890 μηνὸς
1344 801 1495 886 Καρνείου

124 1759 201 1829 cinus.

94 2105 233 2158 carpathus.

271 906 369 973 ὶιιάδι·
383 909 484 982 ἔδοξεν
497 921 537 992 τῷ
551 911 653 994 δάμῳ·
666 912 780 992 βουλᾶς
793 915 911 996 γνώμα·
924 909 1028 995 ἐπειδὴ
1042 907 1187 981 Καλλίας
1199 916 1324 993 πάρεστι
1335 914 1396 993 πὰρ
1409 914 1496 993 βασι·

270 1019 350 1090 tto<
374 1015 529 1080 Φιλίππου
553 1065 560 1078 .
580 1065 612 1079 ..
638 1015 848 1096 ἀπαγγέλλων,
877 1016 1042 1081 δεδωκέναι
1069 1018 1180 1102 βασιλῆ
1208 1014 1278 1101 ἁμῖν
1308 1021 1410 1102 νόμοις
1432 1027 1496 1089 τοῖς

271 1129 406 1208 πατρίοις
429 1125 482 1186 καὶ
498 1119 682 1208 ὑπάρχουσιν
702 1125 857 1209 χρῆσθαι·
882 1124 1033 1208 δεδόχθαι
1056 1120 1224 1205 Νισαρίοις,
1249 1119 1332 1194 ὅπως
1353 1121 1495 1196 Καλλίας

271 1229 456 1311 ἀπαγγέλλει
486 1226 558 1312 [ταῖς
586 1226 698 1314 νόμας)
727 1231 976 1314 χρῆσθαι
1023 1229 1096 1293 Iam
1128 1248 1206 1292 curn
1235 1227 1409 1314 Philippus
1440 1229 1495 1293 illo

270 1315 418 1421 tempore
441 1356 519 1400 oum
542 1334 682 1400 Rhodiis
705 1334 792 1400 bello
816 1334 1021 1421 disceptaret,
1050 1335 1199 1419 Nisyrios
1222 1341 1335 1399 autem
1358 1337 1496 1421 χρῆσθαι

270 1448 373 1530 νόμοις
391 1441 460 1514 τοῖς
483 1423 629 1526 πατρίοιςΧ
642 1444 696 1506 καὶ
723 1437 893 1528 ὑπάρχουσι
916 1441 1112 1521 admitteret,
1137 1442 1180 1506 ab
1203 1441 1296 1507 omni
1317 1441 1494 1508 verisimili·

269 1549 385 1615 tudine
408 1548 562 1614 abhorret
581 1549 791 1633 Nisyriorum
814 1569 926 1613 rerum
948 1547 1160 1634 publicarum
1175 1547 1494 1613 administrationem

268 1656 367 1743 plane
389 1676 410 1719 a
432 1654 641 1722 Rhodiorum
664 1655 859 1720 auctoritate
881 1654 1085 1740 pependisse.
1157 1670 1161 1675 ’

359 1761 487 1827 Verum
510 1761 610 1826 etiam
625 1760 749 1826 Casum
763 1760 910 1826 insulam
932 1761 968 1825 in
978 1755 1194 1844 vRhodiorum
1214 1761 1380 1828 civitatem
1396 1761 1496 1826 fuisse

271 1868 437 1934 redactam
461 1876 494 1934 et
515 1869 643 1934 Plinius
667 1873 699 1932 et
714 1866 875 1932 Aristides
897 1866 1045 1947 tradunt,
1070 1888 1148 1932 cum
1171 1889 1213 1932 ex
1227 1858 1515 1953 inscriptionibus

271 1975 356 2040 nihil
379 1973 419 2039 de
443 1995 481 2040 ea
502 1995 537 2040 re
559 1973 663 2060 possit
685 1974 859 2039 enucleari.
1203 1985 1206 1991 '

361 2081 460 2158 Quod
483 2080 526 2145 ad
546 2080 751 2166 Carpathum
774 2080 901 2158 attinet,
920 2099 1020 2165 supra
1043 2079 1269 2164 compluribus
1291 2080 1371 2146 locis
1394 2101 1496 2165 quam

270 2195 339 2254 arte
355 2209 393 2253 ea
407 2187 519 2252 insula
534 2208 610 2252 curn
628 2185 861 2252 Rhodo'fuerit
872 2172 1051 2250 coniuncta
1063 2185 1217 2252 vidimus.
1242 2186 1360 2272 ltaque
1371 2187 1514 2252 Ditten··

270 2295 425 2380 hargerus
437 2295 515 2380 (syll.
532 2316 564 2358 n.
585 2295 647 2360 331
674 2292 750 2358 adn.
771 2289 823 2379 12)
843 2313 904 2358 suo
919 2290 990 2358 iure
1011 2291 1137 2378 ambigi
1155 2313 1251 2378 posse
1271 2293 1363 2373 dixit,
1381 2300 1494 2358 utrum

271 2401 287 2468 ὁ
304 2407 424 2490 ababuc
448 2403 546 2487 δᾶμος
561 2401 598 2465 in
613 2400 718 2465 titulis
735 2399 920 2485 Carpathiis
936 2398 1239 2484 saepius'laudatus
1254 2397 1495 2484 (Ditionbcrpcr,

270 2511 337 2594 apli.
362 2530 394 2573 n.
421 2509 495 2586 331,
520 2509 547 2572 b.
568 2509 597 2572 b.
614 2505 673 2586 IV,
697 2529 729 2592 p.
748 2507 812 2572 262
836 2529 868 2571 n.
894 2507 925 2584 2,
950 2507 976 2570 b.
1001 2508 1030 2571 h.
1047 2505 1140 2585 VIII,
1164 2528 1196 2591 p.
1222 2504 1298 2591 355)
1320 2506 1495 2571 universus

271 2615 525 2701 Carpathiorum
541 2614 685 2700 populus
697 2634 741 2678 an
756 2618 827 2678 tota
842 2611 1049 2677 Rhodiorum
1068 2612 1183 2678 civitas
1204 2613 1246 2677 sit
1263 2610 1493 2697 intellegenda.

271 2721 398 2787 Eadem
422 2722 565 2786 formula
588 2717 741 2806 ὁαὺμπας
763 2721 863 2806 δᾶμος
886 2719 986 2784 etiam
1008 2719 1044 2782 in
1062 2737 1228 2784 marmore
1243 2718 1418 2804 Calymnio
1434 2721 1494 2785 Br.

272 2830 360 2894 Mos.
386 2849 418 2893 n.
444 2829 508 2892 259
532 2827 709 2906 invenitur,
733 2826 792 2891 ubi
806 2825 857 2890 ‘de
880 2831 950 2891 tota
972 2825 1181 2890 Rhodiorum
1209 2825 1340 2892 civitate
1367 2827 1424 2892 vix
1446 2847 1495 2892 co

271 2931 394 3021 gites1).
427 2933 554 3018 Itaque,
588 2953 794 3018 quamquam
821 2933 909 2997 infra
941 2916 1068 2999 novum
1098 2939 1307 2996 momentum
1337 2931 1381 2996 ad
1407 2933 1495 2998 hanc

272 3041 500 3126 quaestionem
523 3039 755 3105 illustrandam
778 3039 926 3117 afferam,
951 3045 1064 3104 tamen
1080 3059 1163 3117 cam,
1187 3044 1226 3102 ut
1248 3059 1382 3122 prorsus
1404 3039 1497 3105 nulla

271 3145 411 3214 resideat
434 3144 606 3224 dubitatio,
630 3145 783 3211 nondum
807 3143 980 3210 diiudicari
1002 3165 1098 3230 posse
1121 3165 1247 3209 censeo.

360 3255 410 3318 De
433 3259 616 3318 ceterarum
633 3251 830 3330 insularum,
855 3272 941 3336 quae
957 3273 1034 3316 cum
1046 3249 1170 3316 ahodo
1193 3256 1288 3315 crant
1302 3251 1496 3336 foederatae,

272 3359 398 3446 Symes,
423 3359 588 3445 Megistos,
613 3359 751 3424 aliamm
771 3338 875 3424 ‘rebus
898 3356 1239 3444 publicis'accu'ratius
1262 3338 1408 3424 iudicare
1430 3381 1497 3426 non

271 3487 458 3553 possumus.

362 3571 494 3648 Quibus
525 3571 734 3637 lineamentis
766 3572 802 3636 in
832 3570 1029 3636 illustranda
1062 3571 1119 3635 illa
1151 3572 1317 3650 societate,
1350 3592 1428 3636 cum
1456 3592 1499 3637 nc

272 3679 404 3743 nummi
432 3677 568 3763 quidem
590 3677 771 3763 praebeant
794 3676 962 3742 sufficiens
986 3676 1183 3754 subsidium,
1214 3677 1258 3741 ad
1284 3677 1320 3742 id
1342 3679 1498 3764 temporis

273 3785 479 3870 acquiescere
502 3784 672 3850 dehemus.
718 3785 837 3870 Itaque
864 3783 1017 3849 nondum
1049 3785 1228 3850 asseverari
1250 3789 1367 3870 potest,
1396 3807 1498 3871 quan·

252 3885 347 3957 'tum
383 3891 516 3958 valeant
553 3891 670 3956 Dionis
710 3891 826 3976 Chrys.
866 3890 942 3978 (or.⁴
962 3893 1014 3956 31.
1048 3919 1091 3958 scs
1123 3889 1166 3978 R)
1198 3889 1313 3958 verba:
1354 3895 1408 3956 καὶ
1441 3899 1497 3977 γὰρ

363 4105 382 4169 ¹)
400 4106 584 4170 Nequaquam
603 4105 680 4157 enim
698 4120 734 4157 ex
753 4120 795 4171 eo,
814 4105 890 4170 quod
907 4103 937 4155 in
963 4103 1098 4172 catalogo¹
1111 4104 1258 4156 hominum
1276 4104 1327 4158 Br.
1347 4103 1420 4157 Mus.
1446 4107 1497 4156 343

274 4195 420 4261 proposito
443 4195 517 4246 inter
535 4194 662 4248 Rhodios
686 4193 771 4247 etiam
795 4193 924 4246 nonnulli
943 4193 1083 4260 Calymnii
1107 4193 1213 4246 omisso
1237 4191 1499 4257 ethnico-leguntur

273 4284 317 4348 (cf.
331 4301 359 4350 p.
374 4280 443 4348 114),
456 4283 626 4336 contrarium
639 4284 712 4336 effici
724 4287 826 4350 potest.
853 4283 927 4334 Nam
939 4282 976 4334 in·
982 4281 1205 4348 praescriptione
1217 4281 1293 4334 illius
1306 4280 1380 4333 tituli
1393 4279 1498 4332 diserte

274 4377 405 4426 monetur
423 4387 481 4424 non
504 4371 595 4424 solum
614 4373 698 4439 ciues,
718 4373 768 4426 sed
793 4372 879 4425 etiam
902 4371 1066 4438 peregrinos
1093 4369 1228 4437 pecunias
1252 4369 1403 4424 contulisse
1422 4370 1499 4424 etin

274 4461 322 4514 illo
349 4461 444 4527 lapide
474 4475 537 4513 esse
563 4461 747 4527 perscriptos;
773 4461 828 4513 etsi
855 4460 958 4512 mirum
985 4459 1110 4526 videtur,
1134 4459 1210 4524 quod
1232 4457 1396 4510 nominibus
1422 4474 1498 4524 pere

237 4603 243 4612 x
274 4550 417 4616 griuoruin
435 4549 562 4615 (excepto
581 4565 638 4601 uno
657 4548 799 4616 exemplo)
816 4549 909 4616 patria
927 4564 985 4601 non
1004 4553 1048 4600 est
1066 4548 1170 4600 addita.
