3300 5142
769 369 992 434 ..40-„

269 578 370 630 ennea
386 565 502 644 tribus,
520 565 583 630 soit
594 564 728 650 qu'elles
741 563 941 650 sie'geassent
952 566 1168 652 separement,
1183 563 1249 629 soit
1263 561 1399 648 qu’elles
1414 561 1489 629 deli-

258 669 440 756 berassent
461 669 630 736 ensemble
644 676 685 736 ,et
708 671 906 736 formassent
920 692 967 735 un
990 655 1149 735 1111111111
1171 667 1486 759 111111111111111111.

268 776 299 842 Α
314 777 421 844 Rome
429 797 497 842 aux
505 777 662 863 premiers
672 782 780 863 temps
792 776 834 842 dc
842 776 876 842 11
884 775 1088 863 republiquq
1101 797 1147 841 on
1158 780 1273 840 trouve
1285 796 1352 840 une
1363 776 1488 860 organi-

267 883 376 949 sation
399 889 606 950 exactement
628 882 791 969 analogue
811 887 833 946 1
855 871 935 947 celle
958 881 1015 948 des
1037 881 1232 966 Mylasiens;
1256 881 1303 946 les
1327 879 1489 946 decisione

268 989 325 1056 des
342 991 475 1056 comitia
497 990 682 1056 centuriata
704 989 858 1056 dcvaient
880 993 947 1055 1111
962 989 1191 1054 sanctionne'es
1213 1007 1274 1074 par
1295 986 1342 1052 ies
1358 987 1488 1053 comitia

268 1096 403 1175 curiata,
422 1102 524 1163 avant
539 1095 665 1164 d’avoir
677 1096 765 1162 force
783 1095 824 1160 de
839 1095 900 1173 loi;
922 1101 955 1161 et
970 1093 1156 1182 cependant
1178 1093 1226 1161 les
1241 1093 1408 1159 membres
1431 1093 1489 1159 des

268 1194 373 1268 curies
389 1203 521 1270 avaient
541 1201 616 1288 deja
638 1205 714 1270 vote
737 1223 867 1268 comme
888 1201 1053 1267 membres
1078 1199 1136 1266 des
1160 1199 1352 1265 centurias.»
1397 1200 1487 1266 Num

267 1307 349 1374 haec
365 1308 406 1374 de
421 1308 661 1394 Mylasensium
684 1307 839 1376 tribubus
862 1308 950 1374 dicta
973 1308 1072 1373 etiarn
1096 1306 1140 1372 ad
1154 1305 1363 1374 Rhodiorum
1385 1313 1488 1372 trans-

267 1415 343 1479 ferri
365 1422 514 1502 possunt,
538 1420 577 1480 ut
599 1415 723 1480 nonde
746 1415 942 1501 magistratu
959 1413 1016 1479 1110
1034 1435 1206 1494 sacrorum
1218 1412 1386 1478 custodiae
1399 1433 1487 1498 prae-

265 1521 382 1606 posito,
395 1527 435 1587 ut
446 1543 546 1607 supra
557 1515 758 1608 putavimus,
773 1519 832 1588 sed
840 1522 951 1607 potius
961 1520 1002 1586 de
1011 1519 1165 1586 contione
1176 1526 1326 1613 veterum
1336 1519 1486 1588 tribuum

267 1627 310 1691 sit
342 1626 580 1712 cogitandum?
633 1627 671 1694 Si
702 1633 852 1714 possunt,
885 1627 1024 1693 fortasse
1045 1627 1146 1693 aliam
1176 1627 1281 1700 habes
1311 1627 1484 1704 rationem,

182 1777 183 1782 κ
239 1763 240 1766 “
266 1754 333 1818 qua
357 1733 508 1819 explices
534 1735 643 1800 curin
659 1734 838 1820 Carpathio
860 1733 917 1799 1110
938 1724 1035 1799 titulo
1058 1735 1159 1799 rerba
1182 1735 1376 1817 κυρωθέντος
1399 1734 1485 1799 τοῦδε

266 1849 317 1904 τοῦ
342 1845 536 1927 ψαφὶσματος
560 1841 627 1905 sint
650 1826 780 1906 omissa.
821 1841 909 1904 Nam
932 1861 1010 1904 cum
1032 1840 1097 1906 1101
1119 1839 1289 1906 decretum
1312 1840 1485 1905 constitue

265 1951 355 2011 retur
378 1967 398 2012 a
422 1947 531 2012 otoina
554 1945 711 2032 quadam,
745 1967 829 2032 quas
862 1967 922 2032 pro
944 1945 1127 2031 gentilitate
1149 1946 1314 2013 confectas
1336 1951 1484 2012 veterum

265 2052 413 2117 tribuum
435 2052 598 2137 quasdam
620 2053 766 2118 effecisse
782 2052 901 2118 classes
917 2073 1018 2138 supra
1032 2052 1187 2132 vidimus
1211 2053 1350 2117 fortasse
1373 2073 1508 2117 sumas

255 2159 318 2237 ¹his
342 2159 459 2224 ctoinis
483 2181 560 2224 cum
590 2161 690 2224 sacris
720 2159 883 2226 artissime
911 2157 1164 2226 cohaerentibus
1186 2179 1256 2223 non
1278 2179 1362 2244 opus
1385 2159 1485 2224 fuisse

265 2264 322 2330 illa
345 2267 523 2331 sanctione.
557 2267 773 2352 Quamquam
795 2266 938 2332 alterum
961 2267 1068 2352 magis
1091 2265 1223 2332 videtur
1244 2266 1423 2351 probabile,
1448 2272 1486 2330 ut

264 2392 439 2458 ponamus,
456 2373 553 2439 sicuti
568 2373 694 2440 Romae
709 2373 793 2438 illud
809 2373 1012 2438 curiatorum
1025 2373 1234 2438 comitiorum
1251 2372 1423 2438 sanciendi
1433 2372 1485 2437 ius

266 2479 389 2544 sensim
413 2478 457 2543 ad
472 2480 607 2544 inanem
623 2480 671 2544 rei
686 2480 828 2545 formam
851 2478 986 2565 delapsa
1008 2485 1067 2559 est,
1090 2480 1137 2544 ita
1159 2479 1258 2544 etiam
1278 2478 1390 2544 Rhodi
1412 2499 1485 2544 eam

265 2585 549 2654 confirmationem
573 2607 594 2651 a
615 2585 782 2672 gentilicio
805 2585 952 2670 quodam
976 2586 1129 2652 instituto
1152 2584 1370 2672 repetundam
1398 2584 1485 2650 deni·

263 2713 330 2776 que
357 2691 442 2756 nihil
469 2693 534 2758 nisi
557 2691 752 2759 sollemnem
782 2686 954 2778 q'uandam
977 2693 1078 2758 fuisse
1100 2693 1279 2771 actionem,
1304 2692 1395 2758 omni
1418 2713 1484 2757 mo-

264 2804 377 2866 mento
388 2805 563 2877 carentem,
582 2799 676 2864 cuius
691 2799 816 2864 mentio
828 2799 924 2864 facile
938 2804 1049 2886 posset
1060 2799 1198 2885 neglegi.
1232 2798 1361 2864 Verum
1372 2804 1484 2863 tamen

263 2910 301 2970 ut
317 2903 358 2969 de
373 2903 493 2969 Rhodo
508 2903 592 2970 iliud
611 2901 799 2990 probemus,
823 2905 917 2971 adid
932 2905 1089 2992 temporis
1111 2927 1220 2991 neque
1236 2926 1322 2990 quae
1345 2925 1365 2969 a
1387 2905 1484 2991 scrip·

262 3010 388 3076 toribus
412 3016 494 3076 sunt
520 3011 650 3090 tradita,
675 3033 783 3098 neque
806 3033 894 3097 quae
915 3033 958 3077 ex
988 3012 1094 3078 titulis
1116 3011 1256 3077 Rhodiis
1285 3010 1486 3096 colliguntur

263 3115 442 3182 sufficiunt.
491 3116 614 3182 Contra
646 3123 708 3210 sat
728 3117 837 3193 muita
860 3139 898 3183 ea
920 3117 962 3182 de
983 3139 1019 3183 re
1049 3137 1091 3183 ex
1113 3103 1482 3204 inscriptionibus’Gois

260 3221 468 3308 aliarumque
483 3221 618 3288 urbium
635 3223 774 3310 titulis1)
791 3224 877 3290 effici
891 3231 1040 3310 possunt,
1058 3245 1145 3309 quae
1158 3224 1258 3288 etiam
1273 3223 1481 3291 Rhodiorum

263 3329 362 3396 rebus
389 3330 504 3398 lumen
535 3329 685 3395 afferant.
722 3329 787 3396 Sed
811 3351 890 3396 cum
900 3330 983 3395 haoc'
998 3330 1148 3415 quaestio
1172 3330 1251 3396 satis
1274 3328 1339 3396 late
1361 3337 1481 3416 pateat,
1573 3337 1577 3344 '

261 3435 327 3501 alia
351 3435 429 3502 data
444 3437 618 3502 occasione
630 3436 816 3502 accuratius
835 3436 876 3501 de
898 3458 937 3502 ea
952 3425 1109 3502 disserere
1124 3442 1178 3522 est
1195 3435 1279 3502 mihi
1301 3436 1338 3500 in
1353 3435 1480 3503 animo.

354 3543 453 3608 Nunc
475 3541 559 3608 illud
589 3543 705 3616 solum,
726 3542 850 3608 addam
872 3563 953 3608 sane
974 3543 1044 3607 fieri
1066 3563 1177 3628 posse,
1211 3548 1251 3607 ut
1277 3542 1345 3609 sire
1367 3541 1485 3627 magis-

262 3647 364 3713 tratui
378 3647 427 3714 1111
442 3649 510 3715 sive
525 3655 676 3714 veterum
698 3649 849 3714 tribuum
871 3647 1018 3714 contioni
1033 3649 1132 3714 etiam
1149 3647 1215 3713 alia
1229 3646 1395 3733 quaedam
1411 3668 1484 3712 con·

260 3775 353 3820 cessa
385 3755 508 3820 fuerint
539 3755 622 3835 iura,
649 3775 735 3841 quae
758 3755 802 3820 ad
823 3755 913 3842 ipsas
946 3776 998 3820 res
1024 3755 1176 3841 publicas
1203 3753 1483 3820 administrandas

143 3871 147 3882 '
261 3860 465 3946 spectabant.
501 3861 621 3928 Nonne
648 3861 739 3927 enim
760 3861 882 3928 nobilis
904 3861 961 3927 1111
983 3853 1203 3947 temperantia
1225 3881 1264 3925 11
1287 3861 1481 3935 constantia,

261 3987 348 4052 quae
370 3965 579 4034 Rhodiorum
604 3968 730 4034 civitati
745 3968 841 4033 tertio
856 3973 935 4033 ante
950 3967 1028 4033 ohr.
1052 3989 1085 4032 n.
1110 3966 1242 4032 saeculo
1258 3972 1327 4032 erat
1341 3967 1481 4053 propria,

259 4073 386 4159 optime
409 4094 488 4139 cum
511 4095 550 4140 ea
573 4075 736 4142 sententia
760 4073 923 4160 quadrat?
968 4074 1046 4140 Non
1069 4074 1098 4139 si
1120 4073 1221 4140 talem
1251 4075 1484 4162 magistratum

349 4249 369 4315 ¹)
387 4251 518 4304 Formula
543 4251 591 4304 illa
614 4252 778 4324 κυρωθέντος
803 4250 878 4304 τοῦδε
901 4260 946 4304 τοῦ
972 4252 1142 4323 pacianum
1167 4252 1291 4319 plurium
1315 4254 1346 4305 in
1373 4253 1484 4305 urbium

259 4338 351 4391 titulis
373 4340 524 4406 invenitur,
551 4339 639 4392 veluti
665 4341 726 4407 Syri
743 4337 788 4406 '(0.
808 4339 832 4392 I.
857 4337 891 4393 G.
910 4343 998 4393 23470
1016 4357 1043 4394 1.
1063 4340 1114 4407 54),
1133 4341 1270 4408 Anaphes
1291 4340 1379 4407 (Rosa,
1399 4341 1483 4396 Arch.

230 4457 236 4474 ·
258 4425 339 4494 Ausa.
359 4429 442 4495 11‚p.
463 4431 514 4480 504
532 4445 559 4481 v.
580 4431 611 4480 17
631 4425 825 4497 11ρω]1ε[ἱ]1ας
849 4427 926 4489 rame
948 4437 994 4491 τᾶς
1013 4427 1139 4501 γνώμας),
1164 4429 1215 4483 coi
1231 4429 1265 4496 (b.
1285 4431 1311 4483 h.
1334 4429 1365 4494 V,
1384 4447 1411 4496 p.
1432 4432 1484 4482 238

258 4533 288 4568 n.
308 4520 379 4582 261³,
401 4517 447 4582 VI,
466 4533 493 4584 p.
514 4519 565 4570 254
584 4517 615 4570 F.
633 4518 670 4569 II.
689 4533 715 4570 1.
736 4521 767 4570 16
787 4515 831 4584 [11.
850 4534 878 4583 p.
899 4515 968 4583 262],
987 4518 1050 4583 VH,
1069 4534 1097 4584 p.
1116 4521 1167 4571 481
1187 4534 1215 4572 n.
1234 4517 1268 4584 4),
1288 4518 1413 4570 aliarum.
