3300 5142
682 363 953 442 ..9..’

168 573 237 640 sive
264 571 545 658 Καρπαθιοπολὶτα
573 572 642 639 sire
671 569 860 655 Καρπάθιος
886 568 940 657 (cf.
974 573 1110 651 Keller,
1131 573 1212 637 Att.
1241 573 1272 636 d.
1300 571 1387 636 Berl.

168 681 271 745 Alcaei.
307 681 391 749 1869
423 702 454 766 p.
488 681 564 758 187;
592 680 797 760 Bcoudocm,
831 680 858 742 b.
892 680 921 743 a.
951 677 1044 744 VIII.
1076 700 1108 764 p.
1143 679 1222 755 357;
1258 677 1387 755 Gabar,
1426 709 1429 718 ·

167 787 347 864 Haudbcclr
373 786 416 853 II.
445 808 477 870 p.
503 785 568 850 214
589 784 667 850 adn.
698 782 908 870 tl-adhiberi
937 791 1106 871 exspectes
1132 821 1177 830 —-
1202 783 1238 849 id
1265 784 1389 870 optime

144 908 146 911 ·
167 891 309 977 quadrat
332 914 409 957 cum
425 913 473 970 ec,
498 891 704 977 quodetiam
726 891 762 955 in
777 890 882 956 titulis
898 891 1084 977 Carpathiis
1106 890 1245 955 nomina
1266 889 1389 954 Rhodi-

165 1019 263 1064 orum
285 1019 447 1085 pagorum
466 1005 643 1064 occurrunt
666 995 717 1083 (cf.
735 998 818 1064 Dirc.
843 999 910 1081 cyil.
935 1019 968 1061 n.
989 999 1052 1062 331
1082 997 1160 1062 adn.
1188 995 1249 1081 12).
1289 995 1387 1073 Quod

165 1113 402 1192 argumentum
426 1105 452 1170 si
476 1097 707 1191 componimus
731 1125 809 1170 cum
832 1103 1039 1181 testimoniis¹
1057 1108 1090 1168 et
1116 1123 1333 1168 nummorum
1356 1108 1389 1166 et

166 1211 363 1296 scriptorum
378 1211 426 1296 [οἳ.
440 1211 524 1276 Plin.
541 1212 586 1294 (n.
600 1211 632 1276 h.
647 1210 688 1276 V.
706 1208 858 1295 XXXI),
875 1210 938 1275 Dio
951 1209 1066 1296 Chrys.
1080 1212 1137 1296 (or.
1155 1211 1207 1274 31.
1222 1205 1386 1295 692161),

166 1318 264 1382 Arist.
284 1315 445 1390 Ῥοδιακὸς
461 1315 571 1404 (Dind.
590 1315 675 1403 546)]
692 1315 918 1382 iudicantibus
933 1315 1139 1402 Carpathum
1154 1316 1388 1401 proximasque

165 1421 285 1512 Rhodo
307 1425 435 1491 insulas
457 1445 515 1510 per
529 1423 661 1508 longius
676 1423 834 1510 temporis
857 1423 1003 1510 spatium
1025 1423 1089 1489 sub
1107 1422 1317 1504 Rhodiorum
1333 1444 1388 1508 po-

165 1537 281 1596 testate
304 1531 414 1610 suisse,
440 1551 460 1593 a
482 1551 559 1597 vero
574 1529 723 1615 proxime
746 1529 861 1597 abesse
874 1529 1148 1609 nobis'videmur‚
1168 1551 1246 1594 cum
1261 1529 1388 1593 Ditten·

165 1633 299 1722 bergero
324 1643 505 1702 statuentes
529 1642 561 1700 et
584 1635 789 1721 Carpathum
813 1643 846 1702 et
868 1643 992 1702 ceteras
1013 1634 1141 1702 insulas
1156 1635 1316 1701 finitimas
1338 1655 1388 1699 ae-

166 1763 231 1828 que
264 1763 303 1808 ac
335 1743 494 1808 Peraeam
520 1747 649 1827 partem
664 1727 822 1807 ¹effecisse
856 1743 961 1828 ipsius
995 1741 1204 1807 Rhodiorum
1236 1741 1387 1807 civitatis.

167 1849 278 1926 Quam
300 1847 438 1934 quidem
454 1849 652 1913 sententiam
668 1870 706 1914 eo
730 1849 851 1914 certius
866 1849 1025 1914 affirmari
1039 1869 1136 1934 posse
1154 1869 1280 1928 censeo,
1298 1847 1388 1932 quod

167 1975 255 2021 nova
268 1955 433 2041 quaedam
449 1961 645 2040 argumenta
668 1955 710 2020 ad
727 1975 800 2020 eam
824 1955 1027 2020 fulciendam
1047 1993 1089 2001 —
1106 1960 1144 2020 ut
1159 1955 1246 2019 infra
1260 1953 1389 2021 videbis

167 2098 210 2108 ·-
232 2068 373 2149 possunt
407 2063 524 2128 afferri.
576 2062 671 2139 Quae
701 2083 780 2127 cum
810 2062 858 2126 ita
890 2062 966 2141 sint,
998 2062 1068 2128 veri
1100 2067 1150 2126 est
1180 2059 1388 2126 simillimum

167 2169 202 2234 in
235 2191 374 2236 numero
398 2169 638 2235 demoticorum
658 2169 695 2234 in
709 2167 851 2233 Rhodiis
864 2167 1137 2254 inscriptionibus
1155 2187 1387 2232 commemora·

167 2283 277 2342 torum
291 2277 399 2342 inesse
422 2283 454 2341 et
477 2275 701 2341 subiectarum
729 2275 780 2340 vel
803 2276 914 2361 potius
937 2273 1180 2339 foederatarum
1202 2273 1389 2358 insularum

167 2392 199 2447 et
216 2381 356 2449 Peraeae
374 2404 537 2469 pagorum
553 2383 704 2460 uomina;
721 2380 838 2446 codem
854 2382 944 2448 enirn
960 2403 1051 2447 more
1069 2381 1172 2460 Attici
1186 2380 1274 2445 intra
1292 2400 1389 2444 suam

166 2495 300 2569 lenam,
335 2490 418 2554 Delo
445 2489 556 2555 insula
583 2511 652 2554 non
682 2494 833 2574 excepta,
867 2487 1050 2553 dummodo
1085 2508 1128 2552 ne
1154 2507 1236 2552 cum
1270 2486 1389 2570 exteris

166 2603 309 2681 agerent,
346 2595 529 2661 demoticis.
548 2595 766 2682 utebantur2).
819 2595 913 2672 Quae
928 2593 1065 2680 quidem
1098 2593 1139 2658 de
1171 2593 1277 2678 priore
1301 2591 1390 2657 illius

166 2724 259 2768 meae
283 2703 465 2768 sententiae
487 2709 590 2790 parte.

255 2808 353 2887 Quod
367 2809 487 2874 deinde
503 2809 574 2873 dixi
591 2809 712 2902 iniuria
722 2791 879 2894 persaepe
891 2806 1044 2892 homines
1056 2805 1170 2870 doctos
1181 2805 1389 2871 Rhodiorum

167 2912 316 3002 lapidum
333 2916 496 2982 demotica
512 2916 555 2980 ad
572 2915 686 2980 Cariae
701 2913 861 3000 oppidula
875 2913 1049 2991 rettulisse,
1073 2900 1117 2991 id,
1135 2911 1194 2976 ubi
1212 2911 1388 2990 Foucartii,

109 3087 125 3114 ,
167 3019 276 3087 Rossii
305 3022 445 3088 aliorum
477 3021 707 3087 adnotationes
735 3019 776 3086 de
803 3017 978 3104 gentilioiis
1001 3017 1066 3082 illis
1094 3019 1199 3083 factas
1225 3039 1303 3082 cum
1333 3039 1389 3082 no

167 3149 284 3196 vorum
292 3127 464 3192 titulorum
472 3127 669 3192 testimoniis
681 3125 867 3206 contuleris,
879 3124 1088 3210 nullaegebit
1099 3124 1386 3189 commentatione.

166 3231 282 3320 Neque
304 3241 418 3300 tamen
441 3232 667 3299 contenderim
689 3233 725 3298 in
748 3232 819 3298 aliis
843 3229 1046 3318 quibusdam
1068 3229 1173 3295 titulis
1201 3229 1243 3295 de
1265 3229 1388 3295 Caricis

256 3465 276 3530 ¹)
293 3467 339 3518 καὶ
358 3469 408 3536 γὰρ
427 3468 476 3538 τὴν
496 3463 614 3536 ἄντικρυς
634 3465 724 3536 χώραν
743 3465 790 3516 καὶ
809 3462 960 3536 Κάρπαθον
978 3463 1076 3534 ταύτην
1095 3462 1140 3513 καὶ
1157 3459 1277 3532 ἤπειρον,
1296 3462 1388 3534 ἑτέρας

166 3545 263 3626 oecos}
282 3555 468 3608 ratraholoo
487 3553 662 3608 πολλὰῒστιν
683 3553 776 3622 εὑρεῖν,
797 3551 814 3604 ἃ
839 3560 915 3623 κοινῇ
935 3552 983 3624 μὲν
1006 3542 1218 3622 ὰπεγράψάτοὴ
1242 3549 1320 3613 πόλις
1338 3550 1386 3615 (sc.

167 3640 301 3710 Rhodus),
321 3643 447 3716 διῄρηται
467 3643 494 3696 δὲ
515 3643 553 3705 εἰς
571 3645 631 3704 τοὺς
649 3645 718 3695 κατὰ
737 3645 826 3714 μέρος.

219 3762 222 3767 ·
254 3730 374 3798 ²)Quod
394 3733 511 3786 sirecte
530 3732 745 3799 disputavimus,
769 3730 938 3784 vocabulum
961 3728 1221 3800 trapessacum<
1245 3731 1274 3780 et
1297 3728 1327 3780 in
1350 3727 1386 3780 la·

168 3820 280 3886 pidibus
300 3821 461 3888 Carpathiis
474 3821 520 3888 (cf.
533 3821 613 3886 Roas,
631 3819 675 3872 Ia.
694 3820 733 3872 in.
746 3823 810 3884 2653
823 3819 899 3872 Hal.
912 3835 940 3884 p.
962 3821 1012 3869 166
1025 3834 1053 3870 n.
1067 3815 1128 3882 32³,
1148 3817 1172 3870 b.
1190 3817 1216 3870 t.
1230 3816 1278 3882 IV,
1291 3834 1319 3882 p.
1333 3820 1383 3869 271

167 3924 194 3964 n.
216 3913 256 3976 12,
270 3910 345 3976 VIII,
364 3927 391 3976 p.
405 3914 465 3963 364.
486 3907 617 3971 661131)
631 3913 660 3961 et
671 3909 703 3960 iu
716 3907 836 3960 Rhodiis
848 3922 997 3961 occurrens
1010 3905 1056 3972 (cf.
1071 3903 1100 3958 C.
1112 3903 1136 3956 I.
1150 3904 1191 3958 G.
1211 3908 1289 3971 2688,
1303 3909 1385 3969 2639;

166 3996 230 4051 Rev.
251 3999 324 4052 arch.
346 4003 412 4051 1866
432 4000 468 4066 II,
488 4016 516 4065 p.
541 4001 592 4052 328
612 4015 639 4050 n.
659 4001 701 4063 43,
722 3998 743 4051 b.
769 3998 795 4050 h.
817 3997 851 4063 V,
870 4014 897 4062 p.
918 4000 969 4048 386
989 4013 1016 4047 n.
1042 3999 1087 4059 103
1106 3995 1157 4048 Br.
1176 3993 1249 4046 Mas.
1273 4010 1301 4045 n.
1325 3993 1385 4060 344,

166 4085 196 4140 O.
216 4089 248 4138 21
268 4087 305 4154 (p.
322 4086 389 4154 117),
409 4090 538 4139 nontam
550 4087 638 4139 totius
651 4085 762 4139 Insulae
775 4085 852 4144 cives
871 4083 1019 4150 complecti
1035 4087 1162 4150 apparet,
1175 4082 1204 4134 id
1217 4082 1292 4147 quod
1305 4082 1386 4134 multi

165 4175 295 4229 homines
313 4177 389 4229 docti
408 4179 578 4230 censuerunt
595 4176 640 4242 (cf.
652 4175 825 4240 Bcoadocc'm
846 4173 869 4226 b.
888 4175 914 4226 h.
929 4172 1004 4238 VlII,
1023 4189 1051 4237 p.
1069 4174 1133 4236 3573
1155 4169 1267 4235 Gilbcrt,
1286 4170 1386 4222 Hand-

167 4265 240 4331 bach,
259 4282 287 4332 p.
308 4268 360 4317 214
379 4265 444 4319 adn.
468 4263 502 4332 2),
521 4280 606 4330 quam
629 4263 786 4330 significare
810 4263 934 4327 demum,
960 4259 1133 4326 appellatum
1156 4259 1259 4310 eadem.
1277 4257 1386 4309 ratione

166 4355 194 4404 et
218 4369 311 4420 8611611,
338 4369 393 4419 quo
415 4353 447 4404 In
469 4353 563 4406 insula
581 4353 682 4406 Rhodo
706 4353 804 4405 demos
824 4349 1028 4412 Λινδοπολιτῶν,
1052 4348 1181 4410 Πολιτῶν,
1206 4345 1385 4409 Nacratem,

166 4439 386 4495 Παλαιοπολιτῶν
405 4442 567 4495 invenInrus
579 4440 640 4507 (Br.
659 4439 733 4494 Mur.
751 4457 779 4506 p.
795 4442 855 4506 120,
873 4438 923 4490 ubi
942 4437 1015 4490 adde
1030 4434 1252 4488 Παλαιοπολιτῶν
1266 4435 1300 4486 cf.
1319 4434 1386 4489 Rev.

165 4529 238 4594 arch.
259 4535 326 4584 1866
349 4531 372 4598 Ι,
391 4549 418 4598 p.
438 4535 489 4585 361
509 4547 536 4583 n.
557 4533 603 4593 34;
624 4531 665 4584 M.
684 4547 709 4582 a.
729 4529 763 4581 A.
782 4527 833 4593 IX,
852 4544 880 4592 p.
901 4529 952 4578 386
970 4543 998 4578 n.
1018 4529 1043 4590 2,
1062 4527 1113 4576 386
1133 4539 1160 4574 n.
1181 4522 1213 4587 7).
