3300 5142
759 322 1095 413 -8...”

250 545 333 611 situs
356 544 597 610 constituamus
621 563 725 628 eoque
747 549 897 608 veterum
918 543 1051 608 illarum
1066 542 1202 611 urbium
1219 544 1303 610 fines
1318 545 1471 610 termine·

250 673 336 737 mus,
360 657 474 716 tamen
496 649 556 714 ubi
583 649 729 736 primum
752 648 865 734 plures
887 656 985 714 erunt
1006 649 1163 717 inventae
1184 650 1414 737 inscriptiones
1437 659 1471 716 et

251 758 353 837 locus,
378 756 438 822 ubi
461 776 612 843 quaeque
635 760 685 821 est
706 761 844 841 reperta,
870 756 1057 822 accuratius
1080 757 1141 822 erit
1164 757 1404 844 cognitusuia
1430 778 1469 822 ac

250 865 376 929 ratione
398 859 628 949 progredienti,
653 863 844 944 praesertim
868 882 946 927 cum
974 862 1135 928 hodierna
1160 863 1310 930 vicorum
1332 846 1490 928 nomina

250 971 380 1056 saepius
404 968 520 1034 eadem
544 969 611 1033 sint
633 967 685 1034 vel
709 967 838 1049 similia,
862 989 933 1034 rem
955 968 1040 1034 bene
1066 991 1295 1056 processuram
1317 990 1388 1034 esse
1410 969 1468 1034 mi·

249 1078 340 1142 nime
355 1076 533 1161 desperem.
572 1072 638 1140 Sed
652 1080 794 1160 possunt
808 1075 877 1138 iam
892 1095 983 1140 nunc
997 1076 1146 1162 plerique
1156 1077 1235 1163 pagi
1249 1077 1319 1142 suis
1330 1075 1470 1142 urbibus

249 1183 359 1248 tribui.
407 1180 576 1258 Quoniam
598 1185 711 1245 autern
733 1180 801 1245 iam
830 1189 1046 1267 susceperunt
1067 1189 1196 1269 partem
1224 1183 1325 1275 huius
1353 1203 1470 1269 operae

249 1289 401 1354 homines
425 1287 514 1354 docti
536 1291 568 1352 et
590 1292 660 1351 tota
682 1287 764 1353 haec
787 1288 937 1372 quaestio
960 1288 1060 1375 paulo
1079 1289 1216 1354 minoris
1232 1295 1282 1354 est
1295 1289 1468 1367 momenti,

250 1401 406 1462 cunctam
420 1395 590 1460 materiem
606 1394 669 1458 hac
683 1394 720 1459 in
736 1393 964 1460 dissertatione
979 1394 1130 1481 colligere
1148 1402 1248 1480 atque
1263 1401 1340 1460 ante
1356 1395 1469 1460 oculos

249 1521 371 1588 ponere
394 1522 463 1567 non
486 1523 504 1567 e
530 1520 565 1565 re
588 1501 657 1564 erit.
703 1501 821 1585 ltaque
849 1501 928 1566 satis
950 1501 1058 1566 habeo
1084 1521 1192 1588 pauca
1221 1499 1263 1566 de
1290 1522 1329 1566 ea
1355 1522 1391 1566 re
1412 1500 1467 1566 ad-

250 1615 373 1673 notare.
1019 1620 1023 1635 1
1051 1601 1053 1606 ’
1281 1683 1284 1689 ,
1466 1672 1468 1675 .

319 1713 506 1778 ¹Numerus
538 1733 653 1779 eorum
682 1732 855 1798 pagorum,
886 1713 945 1798 qui
972 1712 1083 1778 adhuc
1105 1714 1142 1778 in
1168 1712 1308 1778 Rhodiis
1335 1713 1468 1799 inscrip-

249 1820 396 1885 tionibus
411 1821 638 1899 innotuerunt,
663 1825 778 1884 tantus
794 1825 852 1898 est,
878 1826 916 1884 ut
929 1820 1038 1906 ipsam
1052 1820 1199 1885 insulam
1218 1820 1276 1911 vix
1291 1820 1470 1905 quisquam

249 1925 403 2013 opinetur
418 1948 533 1993 omnes
557 1926 767 1992 continuisse.
814 1925 1022 1992 Econtrario
1045 1941 1126 1993 vero'
1137 1928 1268 2014 saepius
1290 1925 1408 2005 evenit,
1433 1932 1471 1989 ut

250 2033 414 2124 demotica
436 2034 471 2112 in
495 2032 634 2098 Rhodiis
656 2031 927 2118 inscriptionibus
951 2033 1085 2099 obviam
1108 2033 1195 2098 facta
1217 2033 1260 2098 ab
1275 2031 1470 2098 hominibus

250 2140 354 2219 doctis
386 2129 546 2227 Stephani
580 2139 809 2204 testimonium
841 2139 961 2204 secutis
983 2140 1182 2206 referrentur
1204 2137 1248 2204 ad
1265 2139 1385 2224 Lyciae
1412 2144 1470 2202 aut

251 2246 365 2316 Cariae
392 2247 500 2326 urbes,
530 2246 635 2312 donec
658 2245 753 2312 novis
780 2245 886 2310 titulis
919 2247 1064 2312 inventis
1090 2247 1194 2332 ipsius
1221 2245 1350 2310 insulae
1376 2245 1470 2330 pagis

249 2353 306 2418 illa
329 2372 400 2419 esse
422 2352 576 2419 addenda
599 2351 817 2417 discebamus.
864 2351 968 2417 Hunc
991 2358 1104 2433 autem
1122 2353 1158 2418 in
1182 2373 1323 2417 errorem
1339 2350 1470 2416 duabus

250 2459 422 2526 decausis
449 2459 639 2524 inciderunt
660 2450 813 2524 homines
835 2458 884 2523 illi
906 2458 1004 2538 docti,
1028 2459 1131 2525 altera
1157 2459 1249 2545 quod
1274 2460 1311 2524 in
1337 2459 1468 2536 Peraea,

251 2567 362 2652 Lycia,
387 2565 483 2644 Caria
504 2565 670 2651 permulta
692 2563 765 2630 loca
787 2581 820 2655 a*
833 2564 974 2630 Rhodiis
1002 2565 1135 2631 condita
1162 2586 1286 2630 nomen
1313 2586 1334 2629 a
1355 2564 1470 2650 patriis

251 2674 332 2739 vicis
355 2671 414 2738 aut
435 2672 591 2758 gentibus
615 2670 793 2750 duxerunt,
817 2671 919 2735 altera
938 2671 1029 2756 quod
1044 2671 1233 2758 Stephanus
1257 2709 1300 2718 -
1322 2670 1357 2735 id
1380 2669 1471 2756 quod

250 2780 402 2867 pluribus
430 2779 589 2865 exemplis
617 2777 837 2844 demonstrari
857 2783 966 2862 potest
988 2816 1032 2823 —
1054 2799 1136 2843 usus
1163 2777 1288 2844 Crateri
1310 2789 1470 2862 συναγωγῇ

210 2944 211 2954 .
251 2891 459 2974 ψηφισμάτων,
484 2886 520 2950 in
544 2905 613 2970 qua
633 2884 688 2949 hic
711 2889 826 2950 auctor
848 2890 881 2948 et
903 2883 1018 2949 Carica
1041 2890 1073 2948 et
1092 2884 1194 2969 Lycia
1218 2889 1251 2967 et
1274 2885 1470 2950 Doricarum

250 2993 436 3060 insularum
452 2991 576 3056 tributa
586 2991 758 3056 communi
771 2989 912 3076 Καρικοῦ
925 2995 1020 3076 φόρου
1037 2992 1172 3056 nomine
1183 2997 1253 3057 erat
1267 2992 1469 3078 complexus,

251 3100 374 3176 multas
405 3098 504 3164 urbes
536 3097 687 3164 attribuit
719 3096 843 3176 Cariae,
877 3118 962 3182 quae
989 3119 1023 3163 re
1054 3118 1132 3163 vera
1163 3099 1289 3184 positae
1319 3104 1414 3164 erant
1434 3099 1470 3162 in

250 3209 373 3274 Peraea
395 3212 455 3272 aut
476 3205 516 3273 iis
539 3203 666 3282 insulis,
691 3223 778 3289 quae
800 3202 844 3268 ad
866 3202 1004 3288 Καρικὸν
1021 3209 1113 3291 φόρον
1135 3203 1353 3290 pertinebant.
1475 3236 1477 3241 ·

340 3313 452 3398 Atque
473 3308 509 3377 id
532 3309 677 3396 quidem,
702 3309 794 3396 quod
816 3310 922 3395 priore
944 3311 1016 3375 loco
1044 3310 1113 3374 dixi
1135 3330 1204 3374 non
1226 3310 1339 3376 omnia
1362 3309 1469 3375 demo·

210 3492 213 3497 ¹
252 3421 330 3508 tica,
367 3439 454 3504 quae
480 3419 517 3483 in
548 3415 688 3482 Rhodiis
716 3414 821 3481 titulis
853 3423 886 3482 et
921 3415 1158 3502 sepulcralibus
1194 3422 1227 3503 et
1253 3415 1394 3501 publicis
1423 3417 1470 3483 in·

251 3526 441 3605 veniuntur,
463 3524 506 3589 ad
528 3525 632 3610 ipsius
655 3522 783 3588 insulae
805 3544 909 3608 pagos
931 3523 1098 3608 respicere,
1123 3544 1201 3588 cum
1216 3522 1288 3587 aliis
1310 3529 1385 3586 tum
1407 3522 1471 3587 hoc

251 3639 333 3720 puto
361 3631 548 3697 confirmari
575 3629 734 3716 exemplo.
785 3630 873 3696 Nam
902 3629 1009 3696 tribus
1037 3631 1074 3694 in
1100 3629 1205 3695 titulis
1232 3629 1470 3716 sepulcralibus

251 3740 287 3806 in
314 3738 434 3804 Rhodo
460 3737 571 3802 insula
597 3737 740 3802 inventis
764 3737 884 3823 legitur
910 3737 1113 3803 demoticum
1140 3735 1340 3822 Βροκοὸντιος
1368 3735 1469 3823 (Rosa,

251 3847 334 3930 Hert,
358 3867 390 3932 p.
417 3846 480 3909 106
503 3867 536 3908 n.
559 3845 601 3909 33
625 3864 653 3908 a.
678 3843 711 3922 b,
731 3844 808 3908 Rev.
833 3843 1087 3909 000101866Π.
1112 3864 1143 3928 p.
1169 3844 1233 3908 328
1257 3864 1290 3907 n.
1315 3841 1380 3930 42),
1404 3867 1471 3930 quo

252 3951 410 4038 Carpatbi
433 3951 561 4016 insulae
588 3949 726 4014 demum
746 3949 925 4034 significari
947 3949 1125 4014 certissime
1151 3955 1281 4031 constat
1303 3946 1355 4035 (cf.
1379 3953 1469 4029 Rosa,

252 4061 441 4126 108010010εο
463 4057 578 4143 111,-p.
597 4058 641 4121 64
663 4053 742 4142 (62);
775 4057 928 4136 Weacber,
952 4057 1029 4122 Rea.
1054 4058 1139 4122 arch.
1161 4058 1247 4121 1868
1270 4057 1312 4121 H.
1332 4078 1365 4142 p.
1389 4059 1468 4134 471;

252 4166 380 4244 Keller,
404 4165 485 4229 Aba.
509 4166 540 4230 d.
565 4165 652 4230 Berl.
677 4164 782 4228 Altad.
814 4164 898 4228 1869
921 4183 952 4248 p.
981 4165 1055 4240 184;
1081 4163 1281 4242 Bcuudoct‘n,
1305 4165 1333 4230 b.
1356 4168 1386 4231 h.
1410 4163 1468 4229 IV.

252 4293 283 4358 p.
306 4272 392 4349 274,
422 4269 513 4336 VllI.
549 4291 581 4355 p.
617 4267 702 4356 358).
762 4267 861 4345 Quod
892 4275 1005 4334 autem
1037 4269 1090 4334 his
1124 4270 1161 4335 in
1192 4269 1297 4335 titulis
1330 4261 1470 4329 Rhodiis

252 4377 404 4442 homines
435 4375 604 4462 Carpathii
632 4374 794 4441 demotico
822 4397 895 4456 suc,
929 4397 1003 4460 non¹
1030 4383 1069 4440 ut
1099 4382 1169 4442 erat
1200 4379 1469 4451 consentaneum,

253 4484 385 4549 ethnico
420 4490 499 4549 sunt
534 4482 696 4588 designati
728 4521 773 4530 -
803 4483 975 4569 peregrina
1008 4483 1098 4549 enim
1132 4484 1168 4548 in
1198 4490 1284 4548 terra
1314 4482 1471 4547 ethnicon
