3300 5142
655 386 879 450 ..45-

158 585 330 667 διαβοολίοο
364 585 568 667 προτεθέντος
599 583 717 650 collato
748 578 878 664 Polybii
907 576 979 643 loco
1015 582 1066 644 29.
1099 580 1140 644 10
1165 576 1380 666 (προτεθείσης

157 695 342 777 χειροτονίας
371 727 419 746 -.
442 690 569 774 διέκρινε
596 693 631 754 τὸ
660 684 841 773 δταβοολιον)
859 690 998 750 'tantum
1030 683 1073 750 ad
1105 683 1238 776 comitia
1269 687 1378 755 referri

156 803 304 882 possunt.
341 795 440 862 Vides
455 795 557 882 igitur
571 817 641 861 non
657 817 727 862 esse
743 793 914 860 distinctas
930 789 1014 858 duas
1029 791 1102 857 illas
1119 790 1377 863 deliberationes,

157 899 254 980 Quod
278 921 356 967 cum
379 901 426 966 ita
448 901 499 982 sit,
523 922 607 969 num
631 901 754 968 mirum
782 899 922 977 videtur,
951 895 1042 982 quod
1064 897 1171 982 priore
1199 897 1280 975 loco,
1311 900 1404 984 quo'

155 1007 286 1092 Polybii
317 1009 460 1074 narratio
487 1008 540 1075 vel
566 1009 603 1073 in
635 1008 848 1075 concisiorem
880 1005 1047 1092 epitomen
1078 1011 1128 1069 est
1156 1011 1281 1083 coacta,
1310 1027 1379 1072 non

156 1114 414 1180 dilucide'inter
441 1135 505 1195 eos,
539 1115 599 1200 qui
630 1111 867 1196 deliberabant,
899 1112 1024 1197 quique
1046 1110 1238 1191 sciscebant,
1264 1112 1380 1177 discer«

155 1221 268 1286 nitur?
323 1220 421 1286 Unde
453 1227 591 1308 apparet
622 1241 725 1306 quam
762 1219 887 1285 caduca
920 1218 964 1284 sit
995 1216 1053 1282 illa
1086 1217 1253 1284 Paulsenii
1286 1240 1379 1305 argus

156 1327 324 1393 mentatio
371 1327 450 1394 Ideo
472 1335 585 1393 autem
612 1326 712 1413 paulo
736 1325 899 1413 copiosius
926 1325 969 1405 de
990 1345 1029 1390 ea
1051 1325 1287 1410 exponendum
1309 1345 1381 1391 esse

158 1433 356 1514 existimavi,
391 1433 479 1519 quod
508 1434 580 1520 ipsa
606 1434 663 1499 illa
688 1454 749 1512 res,
780 1433 941 1497 nimirum
968 1432 1175 1517 captivorum
1205 1433 1378 1511 restitutio,

156 1559 370 1625 nequaquam
397 1546 467 1605 tam
495 1541 589 1626 parvi
618 1546 668 1606 est
702 1541 876 1618 momenti,
915 1557 1018 1623 quam
1045 1537 1175 1603 homini
1203 1538 1251 1604 illi
1283 1539 1381 1605 docto

157 1652 205 1711 est
232 1647 311 1712 visa.
359 1647 479 1711 Nonne
518 1647 607 1712 enim
643 1647 680 1711 in
712 1645 880 1732 suspensis
912 1644 977 1710 illis
1008 1645 1213 1730 temporibus
1240 1645 1381 1711 Rhodiis

156 1751 456 1838 pertimescendum
480 1758 558 1832 erat,
588 1773 825 1838 quamcunque
852 1749 1118 1817 benevolentiam
1145 1751 1263 1817 Perseo
1290 1771 1379 1838 prae·

159 1865 291 1938 sterent,
315 1880 359 1924 ne
382 1879 420 1924 ea
443 1859 673 1925 Romanomm
695 1860 825 1925 animos
848 1879 868 1924 a
891 1879 925 1924 se
948 1856 1174 1923 abalienarent
1201 1857 1381 1923 funestissi«

158 1987 319 2052 mumque
341 1964 467 2030 bellum
491 1964 554 2031 sibi
577 1966 765 2031 excitarent.
811 1966 929 2050 Itaque
956 1964 1175 2030 siPaulsenii
1200 1965 1283 2030 ratio
1310 1985 1379 2050 pro-

159 2071 269 2144 banda
292 2072 416 2151 fuisset,
441 2072 540 2138 unica
563 2091 643 2156 sane
665 2079 801 2138 senatus
823 2078 968 2158 potestas
990 2070 1069 2136 inde
1090 2078 1176 2136 esset
1197 2070 1377 2137 efficienda.
1445 2135 1448 2141 .

158 2177 234 2273 qui
256 2184 369 2244 tamen
392 2178 521 2244 credere
544 2199 598 2244 me
620 2178 712 2244 illam
736 2177 776 2244 de
799 2183 918 2244 senatu
931 2196 933 2203 ’
947 2176 1155 2262 comitiisque
1181 2177 1377 2243 sententiam

114 2273 120 2286 ’
156 2285 264 2369 ipsam
285 2285 480 2370 improbare.
526 2285 635 2350 Immo
664 2291 798 2351 tantum
820 2285 924 2364 abest,
947 2291 986 2349 ut
1007 2285 1060 2350 vel
1081 2284 1118 2348 in
1149 2283 1286 2350 minoris
1312 2304 1380 2348 mo«

157 2391 262 2456 menti
283 2391 383 2456 rebus
401 2397 536 2456 senatus
552 2387 683 2458 decreta
703 2390 862 2478 apopulo
877 2391 997 2456 sanciri
1014 2389 1198 2476 oportuisse
1216 2410 1377 2469 censeam,

157 2503 195 2562 ut
216 2495 252 2562 id
275 2495 344 2562 ullo
366 2504 463 2583 pacto
485 2499 555 2564 fieri
576 2499 724 2584 potuisse
747 2498 917 2584 denegem.

186 2661 188 2666 ,
248 2603 290 2668 ln
312 2605 506 2671 universum
534 2612 647 2670 autem
670 2625 711 2670 ex
742 2605 939 2690 scriptorum
967 2604 1163 2669 testimoniis
1190 2609 1325 2689 apparet
1348 2611 1380 2668 et

159 2715 320 2790 senatum,
331 2711 388 2796 qui
399 2717 557 2798 perpetuo
568 2710 808 2798 rempublicam
819 2711 1082 2790 administrabat,
1094 2717 1127 2775 et
1137 2710 1280 2789 comitia,
1292 2729 1379 2794 quaa

160 2813 200 2880 de
222 2817 361 2898 summis
379 2818 477 2883 rebus
502 2817 545 2883 ad
569 2818 735 2885 civitatem
760 2817 986 2904 spectantibus
1009 2816 1238 2897 decernebant,
1256 2814 1377 2888 ¹eadem

68 2927 71 2936 ‘
158 2927 319 3006 potestate
345 2930 445 3009 atque
471 2925 658 2990 Atticorum
690 2927 801 3012 βουλήν
832 2930 865 2989 et
891 2921 1058 3012 ἐκκλησίαν
1090 2923 1192 2990 fuisse
1220 2921 1377 3009 praedita.

159 3027 286 3093 Tamen
309 3049 378 3094 una
403 3031 440 3095 in
461 3051 497 3095 re
519 3031 603 3096 haut
625 3031 784 3116 exiguum
815 3031 960 3095 comitur
989 3030 1175 3095 discrimen.
1221 3029 1378 3115 Legimus

159 3134 248 3198 enim
272 3134 361 3222 apud
381 3135 572 3201 Ciceronem
595 3137 636 3202 de
650 3125 717 3222 rep.
742 3137 791 3202 ΠΙ
814 3139 872 3202 35:
893 3157 1027 3202 «omnes
1049 3135 1104 3223 (sc.
1129 3135 1263 3222 Rhodii)
1285 3144 1380 3200 erant

158 3241 260 3306 iidem
282 3248 356 3308 tum
380 3242 421 3308 de
449 3242 544 3329 plebe
566 3249 640 3309 tum
668 3250 834 3309 senatores
861 3242 1170 3329 vicissitudinesque
1201 3241 1378 3321 habebant,

159 3341 477 3432 quibus'mensibus
495 3349 646 3436 populari
661 3371 799 3416 munere
814 3350 1040 3436 fungerentur,
1057 3350 1180 3435 quibus
1203 3351 1380 3428 senatorio;

159 3455 335 3540 utrobique
357 3461 470 3522 autem
494 3457 739 3523 conventicium
760 3457 975 3542 accipiebant,
1005 3464 1038 3521 et
1063 3457 1100 3520 in
1126 3455 1255 3521 theatro
1287 3462 1319 3520 et
1345 3456 1381 3522 in

161 3561 250 3626 curia
271 3583 323 3627 res
347 3562 502 3646 capitales
525 3568 558 3627 et
579 3562 722 3649 reliquas
749 3565 858 3629 omnis
885 3563 1079 3629 iudicabant
1104 3562 1219 3640 iidem;
1248 3568 1378 3626 tantum

160 3672 286 3751 poterat
299 3669 450 3753 tantique
466 3676 544 3749 erat,
562 3671 679 3754 quanti
693 3670 874 3736 multitudo
893 3668 1037 3755 [senatus
1054 3720 1060 3733 .
1077 3721 1083 3734 .
1098 3695 1139 3734 .».
1168 3668 1285 3753 Itaque
1303 3688 1379 3734 eum

160 3771 223 3837 hoc
237 3774 394 3859 populare
409 3796 534 3840 munus
558 3813 600 3822 —-
622 3775 658 3842 id
674 3776 764 3861 quod
778 3797 819 3841 ex
835 3776 1000 3842 Ciceronis
1016 3776 1088 3841 loco
1106 3774 1246 3841 efficitur
1268 3811 1312 3858 ε
1334 3775 1381 3840 iu-

43 3929 47 3938 .
160 3877 333 3944 diciarium
356 3881 462 3962 fuerit,
486 3882 633 3948 Sallustii
657 3882 825 3968 quendam
841 3882 952 3948 locum
975 3903 1053 3947 cum
1069 3881 1284 3947 Ciceroniano
1306 3902 1381 3945 con«

159 3985 242 4051 ferre
273 4006 465 4070 possumus,
497 3989 557 4054 ubi
583 3987 725 4074 legimus
756 3988 808 4074 (de
839 4010 905 4076 rep.
938 3989 1006 4054 ord.
1035 3989 1069 4053 Η
1100 3991 1129 4053 7.
1161 3986 1225 4074 12);
1254 4007 1382 4072 «nequo

160 4090 308 4157 Rhodios
331 4113 439 4178 neque
468 4095 548 4160 alias
576 4096 723 4162 civitates
747 4117 899 4181 unquam
921 4095 1121 4161 iudiciorum
1149 4115 1285 4160 suorum
1307 4115 1381 4179 poe«

160 4198 268 4278 nituit,
293 4197 352 4264 ubi
374 4201 559 4286 promiscue
582 4201 674 4269 dives
700 4208 740 4268 et‘
758 4223 892 4288 pauper,
917 4208 956 4266 ut
983 4201 1103 4286 cuique
1132 4200 1198 4266 fors
1225 4201 1310 4278 tulit,
1340 4200 1381 4264 do

161 4305 314 4370 maximis
345 4301 444 4372 r'ebus
475 4307 570 4372 iuxta
601 4328 640 4373 ac
667 4307 708 4373 de
735 4308 883 4372 minimis
912 4307 1104 4392 disceptat».
1155 4306 1273 4391 Itaque
1299 4306 1381 4370 haee

162 4410 238 4476 satis
267 4419 352 4478 certe
382 4413 483 4478 statui
509 4433 604 4498 posse
635 4413 837 4480 crediderim.
884 4414 1035 4478 Primum
1062 4403 1199 4497 quidem
1227 4417 1318 4496 patet
1344 4411 1380 4476 in

161 4516 317 4602 eligendis
339 4517 548 4586 Rhodiorum
571 4521 777 4586 senatoribus
799 4559 844 4566 —
866 4520 901 4585 id
924 4519 1015 4605 quod
1045 4524 1131 4584 sorte
1153 4517 1255 4583 fiebat
1275 4554 1320 4562 —
1341 4537 1381 4582 eo
