3300 5142
766 370 985 433 ..25-

251 563 476 649 'magistratus
508 563 646 629 fortasse
677 567 802 650 ταμίας,
836 562 878 628 dc
909 585 987 649 quo*
1006 564 1203 630 Foucartius
1230 563 1409 643 dubitavit,
1428 553 1486 630 'sit

240 655 470 755 'supplendus
501 665 553 755 (cf.
577 671 636 736 Br.
661 670 750 736 Mas.
782 691 815 734 n.
846 669 931 756 353).
980 669 1055 747 Qua
1089 691 1167 735 cum
1198 671 1486 755 argumentatione

264 775 349 841 bene
372 773 521 861 quadrat,
547 775 639 862 quod
660 781 792 862 tempus
815 775 905 841 illius
923 776 1072 842 muneris
1086 776 1171 842 Solis
1190 776 1486 841 flaminisnominc

265 889 314 948 est
337 882 633 968 circumscriptum.
666 880 778 946 Huius
802 881 894 946 enim
917 880 970 947 dei
992 883 1163 948 flaminem
1186 868 1369 948 1110001010
1383 882 1486 948 fuisse

264 989 343 1054 inde
365 987 450 1054 affici
472 995 588 1074 potest,
613 987 704 1072 quod
726 987 924 1053 Lindiorum
942 987 1073 1053 decreta
1091 987 1244 1053 autSolis
1257 995 1318 1054 aut
1334 988 1486 1053 Athenae

265 1094 403 1160 Lindiae
426 1093 569 1158 flaminis
592 1088 728 1158 nomine
750 1093 882 1160 definiri
903 1101 1053 1179 possunt,
1077 1095 1178 1161 verba
1201 1102 1314 1159 autem
1337 1119 1486 1182 οτερανω-

266 1203 373 1273 θείς..
387 1197 461 1265 ,ὑπὸ
485 1211 535 1265 τοῖν
556 1199 662 1286 ἱερέως
683 1211 738 1272 τᾶς
758 1186 904 1273 ’Λθάνας
918 1201 1089 1267 flaminem
1112 1201 1219 1287 primo
1241 1201 1314 1266 loco
1335 1201 1485 1267 nomina·

265 1309 338 1371 tum
360 1327 430 1371 non
452 1306 729 1372 Athenae·fuisse
751 1306 929 1372 manifesto
952 1307 1143 1374 ostendunt.

352 1411 490 1478 Eodem
515 1418 711 1497 argumento
751 1413 902 1478 laterculi
934 1414 1023 1478 illius
1058 1413 1185 1493 Lindii‚
1221 1414 1280 1498 qui
1314 1433 1335 1478 0
1368 1413 1486 1478 Rossio

189 1559 194 1582 t
265 1522 362 1586 Aret.
386 1520 481 1601 Aafs.
514 1519 556 1584 Π.
581 1541 612 1604 p.
638 1520 703 1584 599
735 1541 768 1584 n.
794 1521 814 1585 9
848 1527 898 1584 001
929 1526 1102 1599 tractatae,
1138 1519 1240 1613 verba
1263 1517 1419 1586 tetstatur
1442 1523 1487 1585 τοὶ

265 1621 537 1713 sepelivissent
560 1635 612 1690 τοῦ
637 1627 749 1712 δάμοο·
773 1623 937 1714 Εὐκράτης
959 1624 1206 1713 Klouloccpdroo
1230 1625 1354 1712 Τήλιος,
1387 1626 1486 1714 Ζήνων

218 1757 220 1772 ι
265 1731 430 1818 Πράξωνος
444 1731 623 1820 Χαλαήτας.
636 1730 679 1796 ad
702 1731 839 1800 Lindios
862 1733 1018 1819 epistates
1040 1733 1153 1798 referri
1174 1755 1243 1798 non
1258 1754 1355 1818 posse
1370 1733 1484 1798 elucet

265 1837 403 1904 Constat
413 1838 522 1923 igitur,
546 1837 582 1902 id
594 1838 685 1924 quod
700 1840 774 1924 ipsa
788 1839 953 1904 demotica
968 1838 1082 1926 Τήλιος
1099 1846 1133 1905 01
1148 1841 1318 1927 Χαλκήτας
1333 1839 1485 1924 probant,

239 1937 246 1952 '
265 1943 349 2009 duos
365 1944 427 2009 hos
441 1945 597 2030 epistates
614 1965 634 2010 a
649 1951 718 2010 toto
739 1945 948 2011 Rhodiorum
960 1946 1084 2031 populo
1099 1946 1211 2011 nescio
1227 1945 1323 2012 cuius
1338 1945 1485 2011 muneris

265 2071 365 2116 causa
387 2050 535 2117 Lindum
558 2071 628 2116 esse
651 2051 778 2118 missos,
825 2053 979 2117 Fortasse
1002 2058 1129 2132 autem,
1154 2051 1215 2117 ubi
1236 2053 1486 2138 inscriptionem

264 2144 475 2223 aFoucartio
490 2157 570 2224 Rev.
596 2159 684 2224 arch.
713 2160 797 2224 1865
820 2160 846 2234 I.
870 2181 902 2245 p.
923 2161 989 2224 300
1011 2181 1044 2224 n.
1070 2161 1091 2224 5
1114 2159 1266 2244 Erythris
1289 2158 1365 2224 urbi
1387 2159 1487 2223 tribu·

264 2273 334 2329 tam
357 2263 534 2329 0001010110
556 2263 697 2344 (ἑλέσθαι
722 2266 755 2330 δὲ
778 2268 828 2330 τὸν
852 2267 947 2353 δῆμον
969 2264 1134 2337 ἐπιστάτας
1156 2263 1206 2330 ἐπί
1224 2271 1277 2352 τὴν
1300 2267 1418 2348 ἕγδοσιν
1433 2276 1487 2352 τῆς
1557 2271 1560 2276 ’
1643 2231 1646 2254 ⁸

265 2368 382 2443 εἰιιόνος
406 2370 519 2456 ἄνδρας
542 2372 617 2450 aa),
640 2377 736 2456 putes
751 2371 825 2437 illos
848 2393 982 2457 quoque
997 2393 1068 2437 0000
1083 2373 1289 2451 constitutos
1306 2378 1344 2436 ut
1360 2378 1487 2436 statuae

265 2477 475 2543 collocandae
508 2475 725 2564 providerent.
779 2478 908 2543 Tamen
942 2500 1020 2544 cum
1053 2480 1167 2543 minus
1200 2478 1371 2564 probabile
1405 2477 1488 2542 mihi

170 2647 173 2657 ,
264 2582 524 2664 011100101,10100
540 2584 695 2670 epistolas
713 2605 872 2650 unacum
884 2586 1133 2671 magistratibus
1145 2585 1319 2650 ordinariis
1333 2585 1369 2649 in
1380 2583 1489 2670 lapide

265 2711 335 2784 0000
369 2697 533 2771 exaratos,
569 2690 661 2755 aliud
689 2691 779 2776 quod
814 2713 939 2757 11111000
973 2692 1272 2757 extraordinarium
1300 2690 1488 2774 intellegen-

266 2779 348 2860 dum
366 2817 435 2862 esse
452 2797 647 2862 existimem.
686 2797 718 2862 N
719 2818 774 2862 am
790 2797 832 2862 de
847 2819 886 2863 ea
897 2819 941 2877 re,
958 2805 997 2864 ut
1008 2798 1205 2863 Lindiorum
1221 2798 1377 2883 epistatas
1389 2819 1410 2862 a
1421 2803 1489 2862 toto

265 2887 474 2970 Rhodiorum
497 2904 620 2990 populo
643 2911 768 2969 creatos
792 2925 862 2970 0000
885 2912 1082 2985 statuamus
1105 2904 1180 2970 ideo
1204 2898 1341 2990 cogitari
1363 2903 1488 2988 nequit,

266 2998 357 3094 qnod
388 3009 497 3076 verbis
531 3009 634 3096 ἐπειδὴ
668 3009 823 3076 ἐπιστάται
851 3010 1026 3095 αἱρεθέντες
1060 3008 1118 3077 ὑπὸ
1141 3010 1272 3077 Λινδίων
1304 3009 1375 3096 (Ba
1399 3012 1496 3095 Mas..
1528 3029 1533 3035 '

266 3121 303 3180 11.
322 3099 401 3202 951)
429 3115 644 3181 confirmatur
666 3137 721 3181 eos
744 3117 787 3181 ab
809 3117 890 3202 ipsis
912 3117 1040 3182 Lindiis
1063 3138 1134 3182 esse
1157 3117 1284 3182 0100100.

294 3291 296 3300 ,
355 3222 472 3307 ltaque
495 3241 581 3307 quae
597 3221 708 3286 adhuc
723 3221 764 3286 de
779 3221 976 3287 Lindiorum
991 3223 1206 3307 epistatarum
1223 3221 1340 3287 officiis
1356 3221 1487 3300 scimus,

265 3329 302 3394 10
325 3350 363 3394 eo
386 3329 582 3408 consistunt,
607 3334 652 3393 ut
668 3349 723 3393 eos
745 3349 815 3393 000
838 3350 916 3393 cum
932 3328 1068 3413 collegio
1084 3329 1222 3414 triginta
1232 3329 1422 3406 hominum,
1446 3347 1490 3391 ne

266 3437 479 3522 magistratus
489 3433 601 3499 Lindii
616 3434 695 3500 vitio
712 3441 908 3514 crearentur,
930 3436 1055 3501 cavisse
1070 3440 1103 3499 et
1118 3435 1213 3514 solos,
1239 3435 1267 3499 si
1281 3456 1333 3499 res
1346 3433 1490 3520 postula·

268 3541 333 3621 bat,
353 3562 393 3607 ex
408 3541 655 3627 peregrinorum
671 3561 810 3606 numero
826 3541 983 3626 choragos
994 3542 1204 3609 constituisse
1213 3541 1445 3625 intellegamus
1455 3539 1488 3625 ¹).

355 3649 396 3713 In
428 3655 569 3732 utroque
599 3654 711 3712 autem
733 3645 920 3732 plebiscito,
944 3646 1067 3732 quibus
1091 3647 1133 3712 de
1155 3669 1271 3713 eorum
1293 3647 1492 3712 muneribus

273 3755 424 3821 ce1tiores
448 3753 559 3833 fimus,
584 3755 742 3839 epistates
763 3754 827 3839 ipsi
849 3754 1035 3838 rogationes
1063 3752 1105 3819 ad
1134 3762 1293 3819 senatum
1315 3753 1492 3840 populum·

268 3859 506 3945 que'ferebant
528 3859 625 3944 (ἔδοξε
650 3866 795 3945 ράστροις
818 3865 871 3924 καὶ
894 3860 1224 3936 Λινδίοις,,ἐπιοτατᾶν
1248 3863 1374 3946 γνώμα).

355 3965 405 4030 De
429 3966 542 4030 ceteris
566 3966 764 4030 Lindiorum
791 3966 1040 4050 magistratibus
1071 3967 1306 4050 gravissimum
1334 3974 1385 4032 est
1406 3965 1491 4031 tasti-

268 4072 430 4152 monium,
455 4072 547 4157 quod
570 4075 628 4138 Br.
646 4076 735 4139 Mus.
760 4095 792 4138 n.
819 4076 883 4139 357
907 4095 938 4139 v.
963 4073 1167 4158 391egimus
1191 4071 1275 4146 ὅπως
1291 4079 1340 4140 ταὶ
1360 4072 1491 4158 αἱρέσιες

267 4183 403 4260 γίνωνται
427 4177 457 4243 ἐν
481 4178 583 4264 Λίνδιρ
612 4191 669 4244 των
699 4177 802 4264 ἱερέων
830 4184 883 4244 καὶ
907 4177 1067 4264 ἱεροδοτᾶν
1091 4184 1145 4244 καὶ
1172 4178 1329 4266 ἱεροποιῶν
1358 4182 1491 4244 καὶτῶν

268 4285 369 4350 ἄλλων
386 4284 433 4350 ἐπὶ
444 4290 480 4350 τὰ
492 4291 578 4351 κοινὰ
589 4291 781 4372 τασσομένων
794 4285 826 4360 ἐξ
843 4284 940 4352 αὐτῶν
951 4286 1081 4352 Λινδίων
1098 4290 1187 4353 καθὰ
1202 4290 1256 4352 καὶ
1267 4285 1298 4351 ἐν
1314 4295 1378 4357 τοῖς
1389 4288 1492 4369 νόμοις

616 4437 661 4442 .....
670 4437 714 4442 —..
720 4437 772 4443 ...-
779 4435 1493 4446 w*

266 4512 269 4516 ’
361 4513 380 4582 ¹)
397 4516 433 4575 de
452 4531 507 4582 qua
524 4516 648 4586 relinfra
665 4517 750 4582 paulo
769 4515 926 4568 accuratius
945 4517 1163 4582 disputabimus.
