3300 5142
657 322 968 443 4-11-’

157 574 392 654 6116161161-
407 572 492 640 nihil
506 573 595 640 6111111
619 572 764 639 dehisce
786 573 886 640 rebus
908 572 1019 639 adhuc
1042 593 1084 637 ex
1104 571 1375 659 inscriptionibus

158 680 365 768 compertum
383 679 546 748 habemus
562 717 614 760 -,
638 685 752 758 tamen
773 679 823 759 iis,
847 700 933 766 quae
949 679 990 745 de
1011 680 1137 774 ratione
1151 679 1237 771 inter
1251 684 1375 745 veteres

159 787 257 853 urbes
290 775 323 853 et
356 807 459 874 pagos
493 785 715 866 intercedente
749 785 887 866 scimus,
907 794 1111 851 vcommotus
1143 805 1213 853 non
1246 789 1376 850 tautam
1408 818 1412 826 ,

157 893 343 974 libertatem
364 893 429 960 illis
452 913 642 960 concessam
661 891 762 958 1111666
785 913 910 958 6611666.
960 890 1095 957 Accedit
1109 890 1200 978 quod
1214 889 1375 960 formulae

156 999 302 1086 gravitas
325 997 376 1064 ἐπὶ
397 999 502 1084 ἱερέως
530 995 735 1083 Ἀγεοτμάτου
764 997 915 1082 Καρνείου
942 995 1059 1084 ἑβδόμᾳ
1087 996 1119 1071 ἐξ
1147 995 1266 1070 ludios,
1289 996 1374 1079 ἔδοξε

156 1117 197 1190 τᾷ
219 1105 316 1190 boola
338 1111 392 1187 1161
420 1117 461 1190 τῷ
486 1107 572 1192 δάμῳ
599 1105 795 1192 neutiquam
823 1104 868 1170 ad
894 1104 1103 1171 demotarum
1130 1103 1300 1178 decretum
1326 1110 1376 1168 est

158 1210 416 1278 accommodata.
441 1211 593 1296 Denique
616 1211 644 1276 si
666 1233 687 1278 a
710 1211 981 1283 demoNettiensi
1002 1210 1106 1300 illum*
1120 1210 1281 1277 honorem
1304 1229 1375 1274 san·

157 1316 262 1384 citum
282 1339 362 1384 esse
394 1317 567 1398 sumimus,
603 1339 671 1385 non
703 1323 849 1404 apparet,
882 1338 942 1382 cur
969 1316 1090 1385 totiens
1120 1315 1156 1380 in
1188 1314 1255 1399 1116,
1278 1315 1375 1395 1111116

157 1421 308 1510 Neratiae
327 1430 360 1489 61
382 1421 413 1489 ἐν
437 1422 568 1510 Narrate
591 1424 634 1489 sit
647 1423 781 1490 alatum.
827 1423 937 1489 Immo
959 1424 1042 1489 haec
1064 1428 1261 1509 argumenta
1282 1442 1374 1509 repu-

157 1530 242 1596 tanti
264 1529 349 1596 mlhi
370 1530 472 1596 verba
494 1531 580 1604 ἔδοξε
603 1543 641 1615 τᾷ
657 1533 752 1615 poulo}
768 1533 827 1608 aodv
843 1543 885 1616 τῷ
902 1531 990 1616 δάμῳ
1005 1529 1188 1596 necessario
1206 1527 1255 1594 ad
1263 1526 1376 1597 Rhodi

72 1685 81 1694 „
156 1642 311 1704 66116111111
343 1636 542 1725 comitiaque
572 1636 742 1702 referenda
763 1636 928 1704 videntur.
974 1635 1062 1701 Nam
1089 1655 1168 1700 cum
1183 1634 1319 1700 ¹constet
1338 1635 1374 1700 111

157 1741 278 1824 Rhodo
304 1741 414 1808 insula
445 1754 559 1819 autaut<
593 1742 656 1807 illis
692 1741 798 1831 multo
834 1741 947 1808 minus
979 1741 1149 1827 potestatis
1181 1761 1375 1806 eoncessum

156 1848 260 1930 fuisse
286 1867 389 1933 quam
416 1848 453 1912 in
480 1848 593 1914 ceteris
621 1847 754 1915 Graecis
783 1848 923 1917 urbibus
952 1847 1004 1933 (cf.
1029 1843 1162 1927 Ncwtoa'
1176 1849 1204 1930 j.
1229 1849 1266 1929 of
1282 1849 1312 1912 1.
1335 1854 1373 1913 st.
1495 1886 1497 1893 ,

155 1953 189 2036 11
211 1975 243 2040 μ,
268 1951 353 2040 360),
378 1953 496 2040 quidni
523 1954 807 2024 confirmationem
829 1953 918 2020 illius
940 1952 1198 2019 Euthahdarum
1220 1952 1375 2019 decretia

155 2061 258 2129 totius
280 2062 397 2148 populi
418 2063 581 2140 6611166116
604 2067 716 2148 aptam
729 2062 917 2148 putemus?
954 2061 1072 2146 Itaque
1087 2059 1131 2126 ad
1146 2049 1375 2145 quaestionem

156 2167 198 2234 de
224 2189 387 2256 pagorum
413 2167 632 2254 appellatione
658 2168 862 2254 propositam
892 2165 999 2232 adid
1031 2166 1188 2252 temporis
1215 2166 1252 2231 in
1278 2165 1375 2233 titulo

154 2275 262 2360 priore
284 2275 355 2342 loeo
388 2275 515 2360 prolato
543 2273 719 2340 consistere
747 2272 915 2340 debemus.
963 2273 1087 2338 Contra
1113 2273 1236 2351 nescio,
1263 2293 1308 2339 611
1334 2293 1376 2339 611
1462 2277 1466 2286 “

156 2379 316 2470 Hesychii
356 2381 624 2470 interpretatione
659 2380 815 2448 vocabuli
851 2385 957 2448 κτοὶνα
989 2378 1155 2468 (papauere
1191 2391 1375 2463 προγονικῶν

155 2484 292 2574 lepledar
316 2487 336 2574 ἢ
361 2489 458 2576 δῆμος
481 2485 711 2574 μεμερισμένος)
733 2509 862 2554 novum
879 2493 1116 2572 argumentum
1138 2485 1241 2571 repeti
1262 2485 1374 2579 possit.

156 2593 373 2680 Quamquam
395 2595 485 2660 enim
508 2595 551 2660 ab
574 2591 744 2680 Hesychio
767 2615 836 2661 non
859 2593 1013 2659 additum
1036 2599 1086 2660 est
1107 2592 1201 2658 illam
1223 2591 1376 2678 explana-

156 2701 281 2767 tionem
313 2701 357 2766 ad
388 2702 496 2788 ipsam
523 2700 733 2768 Rhodiorum
764 2699 932 2768 civitatem
961 2705 1116 2785 spectare,
1150 2705 1264 2763 tamen
1298 2718 1376 2763 eum
1435 2735 1437 2739 .

157 2805 250 2872 1111116
273 2807 337 2872 alio
359 2807 431 2874 loco
455 2807 583 2873 ctoinae
613 2807 724 2874 adhuc
746 2805 952 2872 innotuerint
982 2813 1015 2870 et
1040 2805 1239 2892 Hesychius,
1259 2803 1376 2890 saepis·

157 2911 240 2978 sime
255 2909 464 2980 Rhodiorum
486 2913 718 2990 institutorum
740 2912 946 2978 mentionem
967 2911 1075 2992 166161,
1100 2934 1142 2978 ex
1164 2911 1376 2998 scriptoribus

115 3073 116 3076 ,
158 3018 324 3099 hauriens,
348 3020 407 3105 qui
430 3019 471 3085 de
486 3018 625 3086 Rhodiis
648 3018 747 3085 rebus
771 3017 1005 3096 disseruerunt,
1029 3018 1113 3083 haut
1135 3008 1204 3085 veri
1219 3017 1377 3091 dissimile
1418 3025 1420 3029 ’

157 3125 242 3191 mihi
264 3124 394 3192 videtur
416 3124 720 3210 interpretationem
741 3123 835 3190 illam
856 3123 986 3211 proprie
1007 3123 1052 3190 ad
1070 3123 1279 3190 Rhodiorum
1301 3121 1376 3188 etoi-

157 3251 218 3308 nas
241 3232 402 3320 pertinere
425 3236 528 3318 atque
548 3251 621 3296 eam
651 3251 814 3316 pagorum
836 3229 1101 3316 appellationem,
1134 3236 1318 3316 quactum
1341 3229 1376 3293 in
1475 3234 1480 3241 '

157 3338 220 3405 hae
242 3338 353 3404 insula
376 3344 445 3403 erat
466 3337 590 3403 usitata
612 3333 743 3422 (δᾶμος),
766 3336 893 3402 1616116.
1298 3408 1300 3413 ,

247 3443 408 3522 Quamvis
436 3449 549 3508 autern
578 3442 702 3508 mirum
729 3441 837 3527 primo
865 3441 987 3507 obtutu
1007 3441 1112 3508 videri
1139 3442 1257 3529 possit,
1288 3441 1378 3526 quod

119 3601 120 3608 ,
158 3550 196 3616 in
217 3551 337 3616 Dorica
359 3550 469 3616 insula
492 3549 668 3637 appellatio
698 3547 789 3634 apud
811 3535 940 3614 Atticos
962 3549 1040 3614 trita
1062 3554 1163 3634 atque
1184 3550 1378 3614 1161161666-

159 3657 269 3737 cmrit,
293 3663 406 3722 tamen
429 3678 468 3724 ea
489 3677 540 3722 res
556 3678 625 3721 non
640 3661 728 3722 earet
743 3654 969 3741 explicatione.
1008 3654 1097 3720 Nam
1113 3677 1191 3720 oum
1206 3677 1265 3741 per
1279 3655 1378 3740 longa

81 3819 83 3824 .
158 3761 315 3848 variaque
337 3770 525 3850 temporum
548 3761 655 3849 spatia
676 3761 897 3828 Athenienses
920 3782 1053 3826 summa
1074 3761 1111 3826 in
1125 3761 1247 3828 Rhodo
1268 3761 1379 3828 insula
1466 3762 1475 3779 ⁴

158 3867 306 3947 16161661
335 3869 541 3948 auctoritate,
566 3889 678 3934 nonne
702 3873 964 3934 consentaneum
993 3875 1142 3954 apparet,
1176 3891 1246 3935 non
1269 3867 1378 3934 solum

157 3974 201 4060 ab
233 3974 298 4042 illis
327 3975 460 4042 61166166
491 3995 561 4042 6666
583 3974 707 4041 multas
738 3975 774 4040 in
803 3972 1012 4040 Rhodiorum
1042 3973 1242 4061 reipublicae
1273 3974 1400 4067 forma*

31 4115 33 4118 ·
158 4083 444 4162 commutationes,
470 4081 527 4148 sed
550 4079 650 4149 etiam
672 4080 760 4168 ipsos
783 4079 933 4146 Rhodios
955 4081 1122 4166 repetiisse
1145 4080 1309 4165 quasdam
1331 4081 1378 4145 in-

158 4189 345 4258 stitutiones
360 4189 404 4254 ab
420 4187 675 4264 Atheniensium
692 4186 844 4254 civitate?
870 4185 985 4252 Veluti
1002 4185 1120 4252 libenti
1137 4187 1249 4253 animo
1265 4186 1378 4252 credas

158 4297 296 4361 nomina
323 4299 428 4382 βουλή,
457 4295 619 4381 ἐκκλησία,
651 4293 729 4374 alia,
759 4293 800 4358 de
828 4292 951 4378 quibus
981 4292 1019 4357 in
1045 4291 1268 4373 describendis
1290 4293 1378 4357 Rho-

159 4398 289 4468 diorum
321 4402 421 4468 rebus
452 4400 595 4490 publicis
628 4400 888 4487 disputabimus,
916 4399 959 4464 ab
982 4398 1093 4465 Attica
1115 4399 1285 4485 republica
1307 4419 1378 4464 esse

158 4503 313 4580 derivata.
360 4508 454 4587 Quae
487 4530 539 4575 res
570 4507 671 4575 etiam
693 4505 772 4572 iude
795 4504 1023 4586 confirmatur,
1057 4505 1148 4591 quod
1171 4505 1224 4572 vel
1245 4505 1318 4571 aliis
1341 4505 1378 4570 in
