3300 5142
771 326 1028 429 -32-'

273 555 424 624 function
447 577 514 632 was
536 549 732 644 discharged
747 557 794 643 by
808 557 974 645 phratrias
996 559 1032 623 in
1053 560 1228 640 rotation»,
1252 567 1293 627 ut
1313 559 1355 626 de
1377 563 1494 649 etoinis

272 665 337 734 illis
359 664 541 750 cogitemus
563 664 729 752 extemplo
751 685 813 730 nos
835 665 994 732 adducit?
1038 663 1142 731 Vides
1164 666 1273 752 igitur,
1299 687 1404 753 quam
1426 690 1493 736 mo

272 772 352 837 leste
374 771 549 837 ferendum
572 772 623 852 sit,
648 771 738 858 quod
761 771 816 836 ille
838 771 922 857 lapis
944 770 1028 836 adeo
1042 772 1217 838 mutilatus
1240 779 1356 854 exstat,
1381 775 1494 860 utqui

271 878 351 946 olim
372 878 572 964 perscriptus
594 878 693 944 fuerit
715 879 899 976 otoinarum
924 871 1272 964 numeruscognosci
1284 900 1365 945 'non
1378 880 1490 967 possit.

271 983 354 1052 inde
376 985 567 1051 enim-‘curn
582 985 735 1050 aliatum
750 991 950 1050 mastrorum
965 1005 1144 1050 numemm
1160 986 1357 1052 constituere
1371 986 1490 1061 liceret.

262 1091 399 1157 ‘Tamen
411 1090 494 1156 illud
507 1091 607 1156 etiam
618 1111 710 1156 nuno
724 1089 941 1177 perspicimus
952 1127 997 1136 -
1008 1089 1042 1155 id
1054 1090 1145 1176 quod
1159 1091 1312 1158 homines
1327 1093 1416 1159 docti
1431 1115 1491 1160 suo

270 1198 341 1263 iure
364 1197 463 1264 etiem
482 1195 523 1262 de
538 1197 657 1266 Atticis
679 1196 835 1283 phratriis
851 1203 1052 1262 censuerimt
1066 1233 1111 1242 -
1125 1197 1306 1264 nonnullas
1327 1200 1491 1285 phratrias

270 1303 322 1372 vel
344 1305 455 1390 potius
478 1303 605 1370 ctoinas
631 1325 755 1370 nomen
778 1303 913 1369 duxisse
941 1323 961 1368 a
987 1302 1211 1384 nobilissimis,
1240 1325 1326 1390 quae
1351 1305 1396 1371 ad
1417 1304 1490 1373 illus

270 1410 487 1497 pertinebant,
512 1410 623 1496 patris.
661 1409 750 1476 Nam
771 1410 809 1475 in
820 1410 1103 1497 Amphinensium
1125 1411 1236 1476 etoina
1256 1418 1352 1498 patra
1374 1412 1489 1478 eodem

270 1518 405 1584 nomine
427 1515 590 1602 appellata
611 1515 788 1583 invenitur.
835 1516 1007 1581 Praeterea
1032 1522 1145 1582 autern
1167 1517 1246 1583 inde
1266 1518 1489 1604 intellegimus

270 1631 301 1690 et
325 1624 509 1711 complures
530 1628 645 1708 gentes
667 1621 784 1687 iisdem
803 1621 998 1687 nominibus
1013 1642 1084 1688 esse
1098 1642 1177 1688 usas
1192 1629 1225 1688 et
1246 1623 1316 1689 fieri
1331 1625 1485 1710 potuisse,

269 1736 308 1795 ut
328 1736 443 1820 gentes
457 1728 575 1796 eodem
589 1729 725 1794 nomine
740 1728 908 1814 praeditae
922 1727 966 1793 ad
982 1727 1127 1795 diversas
1142 1730 1270 1795 ctoinas
1291 1731 1488 1797 referrentur

268 1835 320 1922 (cf.
345 1835 534 1924 Κρητινάδαι
556 1835 588 1902 b.
614 1835 666 1918 24,
691 1837 734 1902 26
758 1847 791 1900 et
813 1855 840 1900 c.
868 1836 929 1914 19).

356 1943 488 2008 Praeter
512 1941 596 2010 haec
626 1963 668 2008 ex
693 1941 799 2006 titulis
828 1943 855 2007 b.
879 1932 1026 2021 t'VHI,
1057 1962 1089 2026 p.
1120 1943 1187 2007 354
1214 1949 1247 2008 et
1271 1943 1333 2024 IX,
1361 1965 1393 2031 p.
1425 1947 1488 2010 114

267 2071 300 2116 n.
320 2050 361 2116 13
377 2048 563 2136 accipimus
573 2045 901 2135 ctoinatas'proprios
916 2047 1075 2114 habuisse
1089 2047 1274 2114 sacerdotes
1289 2056 1322 2115 et
1336 2050 1487 2135 homines
1602 2045 1609 2055 ’

268 2155 309 2223 de
331 2155 474 2222 setene
500 2152 634 2220 meritos
661 2175 731 2220 non
760 2155 869 2220 solum
895 2155 932 2220 in
962 2156 1030 2220 suis
1060 2155 1220 2236 συλλόγοις
1252 2176 1374 2222 corona
1398 2177 1486 2222 exor-

155 2265 161 2276 “
267 2263 399 2331 navisse
420 2299 465 2308 -
491 2261 545 2327 cui
576 2268 689 2327 temen
721 2261 834 2346 aliqua
865 2261 1115 2329 confirmatione
1146 2267 1216 2326 erat
1247 2283 1331 2348 opus
1357 2299 1401 2310 --
1428 2262 1486 2328 sed

268 2369 368 2435 etiam
378 2370 415 2435 in
424 2367 610 2454 lepoborstov
621 2367 664 2433 ad
681 2369 761 2442 ξένια
771 2387 916 2447 vocasse,
933 2368 993 2434 ubi
1008 2367 1173 2433 cotidiano
1184 2368 1276 2434 victu
1291 2368 1484 2434 fruerentur.

355 2477 428 2542 lam
456 2495 545 2563 curn
562 2473 603 2568 de
634 2495 767 2540 summa
799 2479 901 2559 atque
929 2473 1135 2560 amplissima
1162 2460 1233 2538 eius
1267 2473 1487 2560 discriptionis

267 2583 370 2650 classe
403 2580 531 2670 (palti)
562 2581 646 2646 nihil
678 2581 836 2659 sciamus,
865 2579 931 2645 nisi
965 2579 1087 2645 Camiri
1114 2580 1255 2644 heroum
1281 2580 1419 2646 nomina
1448 2587 1488 2646 ut

265 2689 407 2756 Athenis
420 2688 464 2756 ad
480 2708 534 2754 eas
553 2686 787 2773 significandas
803 2707 874 2752 esse
888 2692 1048 2772 usurpata
1063 2684 1115 2772 (cf.
1133 2682 1357 2773 Ἀλθαιμενίς),
1373 2686 1486 2752 statim

265 2798 308 2862 ad
331 2802 463 2883 patras·
484 2815 570 2881 quae
592 2785 779 2859 Atticorum
811 2797 909 2875 γένεσι
934 2790 1144 2878 respondent,
1173 2798 1390 2857 transeamus.
1436 2793 1487 2859 Ac

266 2902 388 2968 mirum
413 2908 470 2982 est,
502 2900 592 2986 quod
621 2899 641 2965 ἁ
667 2907 768 2986 πάτρα
799 2898 820 2963 ἁ
847 2897 984 2983 aptast,
1013 2918 1099 2982 quae
1125 2897 1161 2962 in
1192 2897 1290 2965 titulo
1312 2899 1372 2965 Br.
1397 2901 1485 2965 Mus,

266 3031 298 3074 n.
324 3009 389 3074 345
413 3007 500 3074 edito
523 3003 680 3094 legitur-1),
705 3006 746 3072 ad
763 3004 1051 3091 Lindopolitarum
1067 3003 1204 3069 demum
1225 3005 1423 3090 pertinuisse
1441 3006 1485 3071 vi-

265 3114 370 3196 detur,
391 3135 468 3180 cum
484 3113 622 3179 demum
637 3112 840 3198 Dryitarum,
856 3131 957 3198 quem
973 3131 1015 3175 ex
1028 3110 1086 3175 illa
1099 3116 1198 3195 gente
1212 3131 1338 3176 nomen
1352 3111 1485 3177 duxisse

264 3228 407 3310 putares,
431 3221 468 3287 in
490 3218 687 3286 Lindiorum
703 3219 859 3284 societate
874 3218 975 3283 fuisse
994 3217 1083 3282 tituli
1104 3217 1295 3283 ostendunt.
1330 3218 1403 3283 Iam
1417 3217 1483 3282 duo

265 3329 401 3416 cogitari
422 3332 572 3414 possunt.
618 3324 704 3392 Fieri
728 3324 865 3410 quidem
891 3332 1008 3410 potest,
1032 3330 1072 3388 ut
1098 3331 1131 3389 et
1153 3323 1271 3389 demus
1295 3319 1482 3409 ‘Lindopoli

195 3451 199 3465 ”
263 3443 375 3502 tarum
398 3440 430 3500 et
452 3440 547 3521 patra
561 3432 755 3518 Dryitarum
777 3431 964 3511 habuerint,
982 3452 1041 3496 cur
1062 3430 1235 3496 hominem
1249 3429 1344 3495 illum
1359 3430 1484 3495 honore

263 3542 440 3608 afficerent.
488 3540 654 3618 Quaeres
682 3539 710 3604 si
735 3538 783 3603 ita
806 3558 841 3602 se
866 3538 1012 3616 haberet,
1036 3557 1107 3601 non
1131 3557 1266 3602 necesse
1294 3542 1352 3615 est,
1380 3537 1484 3602 artius

262 3649 435 3718 vinculum
476 3668 515 3713 ea
553 3646 756 3712 continuisse
792 3650 988 3710 statuamus
1039 3643 1167 3708 'lamen
1202 3643 1343 3708 alterum
1376 3641 1484 3708 multo

262 3758 397 3844 propius
420 3755 463 3821 ad
477 3755 650 3823 veritatem
665 3751 818 3818 accedere
832 3751 1029 3838 putaverim,
1053 3750 1082 3815 si
1096 3747 1242 3816 diversas
1257 3751 1359 3818 firisse
1373 3756 1482 3836 patras

262 3863 379 3928 eodem
401 3861 537 3927 nomine
559 3859 734 3947 praeditos,
760 3879 903 3943 quarum
927 3857 1029 3922 altera
1051 3857 1094 3922 ad
1116 3855 1404 3943 Lindopolitarum
1430 3854 1480 3919 de

262 3989 357 4034 mum
379 3969 563 4055 pertineret,
588 3967 690 4032 altera
717 3965 910 4050 Dryitarum
939 3962 1037 4029 demo
1068 3984 1192 4028 nomen
1213 3963 1406 4049 imponeret,
1429 3981 1479 4025 su·

261 4076 394 4141 mimus,
440 4075 528 4140 Nam
551 4073 679 4159 quidni,
704 4093 781 4137 oum
804 4077 916 4158 patras
937 4069 1057 4136 iisdem
1082 4070 1276 4135 nominibus
1302 4069 1480 4156 appellatas

261 4183 304 4250 ad
327 4183 472 4251 diversas
503 4182 629 4248 ctoinas
655 4180 774 4247 relatas
802 4199 873 4244 esse
894 4177 1016 4247 ‚titulus
1042 4177 1097 4242 ille
1125 4176 1325 4242 Camirensis
1355 4174 1478 4255 doceat,

348 4433 369 4500 ¹)
386 4429 541 4492 titulatae
559 4427 754 4501 Ἀριστολόχου
776 4468 850 4482 ....
869 4429 1019 4488 ἐπαινεθεὶς
1039 4467 1067 4480 ..
1087 4426 1136 4480 ὑπὸ
1155 4435 1201 4480 τοῦ
1215 4425 1299 4494 δάμου
1318 4432 1363 4478 τοῦ
1384 4422 1480 4478 Arado·
1517 4488 1523 4498 .

259 4522 367 4576 πολιτᾶν
388 4561 459 4575 ....
478 4522 524 4574 καὶ
544 4519 592 4573 ὑπὸ
612 4528 658 4581 τᾶς
678 4521 779 4592 πάτρας
798 4525 846 4580 τᾶς
865 4517 975 4588 Δρυῑτᾶν
991 4557 997 4569 .
1012 4556 1040 4569 ..
