<?xml version="1.0" encoding="UTF-8"?>
<!DOCTYPE html PUBLIC "-//W3C//DTD XHTML 1.0 Transitional//EN"
    "http://www.w3.org/TR/xhtml1/DTD/xhtml1-transitional.dtd">
<html xmlns="http://www.w3.org/1999/xhtml" xml:lang="en" lang="en">
 <head>
  <title>
</title>
<meta http-equiv="Content-Type" content="text/html;charset=utf-8" />
  <meta name='ocr-system' content='tesseract 3.04.00' />
  <meta name='ocr-capabilities' content='ocr_page ocr_carea ocr_par ocr_line ocrx_word'/>
</head>
<body>
  <div class='ocr_page' id='page_1' title='image "./derepublicarhod00schugoog_0067.png"; bbox 0 0 3300 5142; ppageno 0'>
   <div class='ocr_carea' id='block_1_1' title="bbox 649 361 871 424">
    <p class='ocr_par' dir='ltr' id='par_1_1' title="bbox 649 361 871 424">
     <span class='ocr_line' id='line_1_1' title="bbox 649 361 871 424; baseline 0.023 -20"><span class='ocrx_word' id='word_1_1' title='bbox 649 361 871 424; x_wconf 60' lang='lat'>-61-</span> 
     </span>
    </p>
   </div>
   <div class='ocr_carea' id='block_1_2' title="bbox 149 534 1400 854">
    <p class='ocr_par' dir='ltr' id='par_1_2' title="bbox 149 534 1400 854">
     <span class='ocr_line' id='line_1_2' title="bbox 229 534 1370 642; baseline 0.006 -29"><span class='ocrx_word' id='word_1_2' title='bbox 229 549 356 616; x_wconf 62' lang='lat' dir='ltr'>,Unum</span> <span class='ocrx_word' id='word_1_3' title='bbox 371 534 492 624; x_wconf 48' lang='lat' dir='ltr'>¹tamen</span> <span class='ocrx_word' id='word_1_4' title='bbox 515 545 678 621; x_wconf 81' lang='lat' dir='ltr'>moneam.</span> <span class='ocrx_word' id='word_1_5' title='bbox 726 554 866 626; x_wconf 84' lang='lat' dir='ltr'>Necesse</span> <span class='ocrx_word' id='word_1_6' title='bbox 888 556 978 620; x_wconf 89' lang='lat' dir='ltr'>enim</span> <span class='ocrx_word' id='word_1_7' title='bbox 1002 561 1050 620; x_wconf 88' lang='lat' dir='ltr'>est</span> <span class='ocrx_word' id='word_1_8' title='bbox 1072 555 1269 642; x_wconf 83' lang='lat' dir='ltr'>restringam</span> <span class='ocrx_word' id='word_1_9' title='bbox 1287 555 1370 621; x_wconf 84' lang='lat' dir='ltr'>Fou-</span> 
     </span>
     <span class='ocr_line' id='line_1_3' title="bbox 150 648 1400 748; baseline 0.006 -26"><span class='ocrx_word' id='word_1_10' title='bbox 150 657 242 722; x_wconf 86' lang='lat' dir='ltr'>cartii</span> <span class='ocrx_word' id='word_1_11' title='bbox 257 657 514 738; x_wconf 74' lang='lat' dir='ltr'>adnotationem,</span> <span class='ocrx_word' id='word_1_12' title='bbox 532 680 634 745; x_wconf 90' lang='lat' dir='ltr'>quam</span> <span class='ocrx_word' id='word_1_13' title='bbox 649 660 725 727; x_wconf 84' lang='lat' dir='ltr'>Rea.</span> <span class='ocrx_word' id='word_1_14' title='bbox 743 663 829 732; x_wconf 80' lang='grc'>61611.</span> <span class='ocrx_word' id='word_1_15' title='bbox 855 663 983 742; x_wconf 86' lang='grc'>18661,</span> <span class='ocrx_word' id='word_1_16' title='bbox 997 684 1029 748; x_wconf 91' lang='lat' dir='ltr'>p.</span> <span class='ocrx_word' id='word_1_17' title='bbox 1054 664 1119 728; x_wconf 76' lang='grc'>3111</span> <span class='ocrx_word' id='word_1_18' title='bbox 1134 660 1370 743; x_wconf 77' lang='lat' dir='ltr'>(consentiente</span> <span class='ocrx_word' id='word_1_19' title='bbox 1391 648 1400 664; x_wconf 45' lang='lat'>³</span> 
     </span>
     <span class='ocr_line' id='line_1_4' title="bbox 149 763 1381 854; baseline 0.004 -26"><span class='ocrx_word' id='word_1_20' title='bbox 149 763 324 832; x_wconf 86' lang='lat' dir='ltr'>Newtonio</span> <span class='ocrx_word' id='word_1_21' title='bbox 345 765 404 830; x_wconf 80' lang='lat' dir='ltr'>Br.</span> <span class='ocrx_word' id='word_1_22' title='bbox 422 765 509 832; x_wconf 82' lang='lat' dir='ltr'>Mas.</span> <span class='ocrx_word' id='word_1_23' title='bbox 534 787 565 852; x_wconf 95' lang='lat' dir='ltr'>p.</span> <span class='ocrx_word' id='word_1_24' title='bbox 587 763 660 854; x_wconf 81' lang='lat'>121)</span> <span class='ocrx_word' id='word_1_25' title='bbox 683 765 724 832; x_wconf 97' lang='grc'>(16</span> <span class='ocrx_word' id='word_1_26' title='bbox 737 788 811 836; x_wconf 88' lang='lat' dir='ltr'>usu</span> <span class='ocrx_word' id='word_1_27' title='bbox 834 769 1017 835; x_wconf 82' lang='lat' dir='ltr'>formarum</span> <span class='ocrx_word' id='word_1_28' title='bbox 1033 766 1131 853; x_wconf 71' lang='grc' dir='ltr'>ἱερεὺς</span> <span class='ocrx_word' id='word_1_29' title='bbox 1146 774 1179 834; x_wconf 89' lang='grc'>61</span> <span class='ocrx_word' id='word_1_30' title='bbox 1194 765 1381 851; x_wconf 73' lang='grc' dir='ltr'>ἱερατεύσας,</span> 
     </span>
    </p>
   </div>
   <div class='ocr_carea' id='block_1_3' title="bbox 148 868 1438 963">
    <p class='ocr_par' dir='ltr' id='par_1_3' title="bbox 148 868 1438 963">
     <span class='ocr_line' id='line_1_5' title="bbox 148 868 1438 963; baseline 0.005 -29"><span class='ocrx_word' id='word_1_31' title='bbox 148 868 240 956; x_wconf 83' lang='grc'>(116111</span> <span class='ocrx_word' id='word_1_32' title='bbox 263 875 384 956; x_wconf 76' lang='grc' dir='ltr'>ταμίας,</span> <span class='ocrx_word' id='word_1_33' title='bbox 397 874 572 958; x_wconf 66' lang='lat' dir='ltr'>,reprendar</span> <span class='ocrx_word' id='word_1_34' title='bbox 595 878 628 936; x_wconf 90' lang='grc'>61</span> <span class='ocrx_word' id='word_1_35' title='bbox 650 879 830 960; x_wconf 72' lang='grc' dir='ltr'>στρατηγός,</span> <span class='ocrx_word' id='word_1_36' title='bbox 845 873 1077 962; x_wconf 57' lang='lat' dir='ltr'>=crepera-arrisere)</span> <span class='ocrx_word' id='word_1_37' title='bbox 1099 875 1243 961; x_wconf 86' lang='lat' dir='ltr'>protulit.</span> <span class='ocrx_word' id='word_1_38' title='bbox 1284 875 1369 940; x_wconf 84' lang='lat' dir='ltr'>Fou·</span> <span class='ocrx_word' id='word_1_39' title='bbox 1434 954 1438 963; x_wconf 20' lang='grc' dir='ltr'><strong><em>ι</em></strong></span> 
     </span>
    </p>
   </div>
   <div class='ocr_carea' id='block_1_4' title="bbox 147 971 1369 1174">
    <p class='ocr_par' dir='ltr' id='par_1_4' title="bbox 147 971 1369 1174">
     <span class='ocr_line' id='line_1_6' title="bbox 148 971 1368 1064; baseline 0.003 -22"><span class='ocrx_word' id='word_1_40' title='bbox 148 977 271 1052; x_wconf 84' lang='lat' dir='ltr'>certius</span> <span class='ocrx_word' id='word_1_41' title='bbox 293 978 383 1064; x_wconf 78' lang='lat' dir='ltr'>enim</span> <span class='ocrx_word' id='word_1_42' title='bbox 407 978 632 1064; x_wconf 79' lang='lat' dir='ltr'>compluribus</span> <span class='ocrx_word' id='word_1_43' title='bbox 656 1000 673 1044; x_wconf 92' lang='lat' dir='ltr'>e</span> <span class='ocrx_word' id='word_1_44' title='bbox 695 979 800 1047; x_wconf 83' lang='lat' dir='ltr'>titulis</span> <span class='ocrx_word' id='word_1_45' title='bbox 823 971 932 1050; x_wconf 82' lang='lat' dir='ltr'>effecit</span> <span class='ocrx_word' id='word_1_46' title='bbox 954 981 995 1052; x_wconf 87' lang='lat' dir='ltr'>de</span> <span class='ocrx_word' id='word_1_47' title='bbox 1018 981 1194 1060; x_wconf 76' lang='lat' dir='ltr'>sacerdote,</span> <span class='ocrx_word' id='word_1_48' title='bbox 1223 980 1306 1046; x_wconf 91' lang='lat' dir='ltr'>dum</span> <span class='ocrx_word' id='word_1_49' title='bbox 1332 981 1368 1046; x_wconf 91' lang='lat' dir='ltr'>in</span> 
     </span>
     <span class='ocr_line' id='line_1_7' title="bbox 147 1082 1369 1174; baseline 0.002 -25"><span class='ocrx_word' id='word_1_50' title='bbox 147 1103 286 1152; x_wconf 88' lang='lat' dir='ltr'>munere</span> <span class='ocrx_word' id='word_1_51' title='bbox 318 1090 421 1163; x_wconf 78' lang='lat' dir='ltr'>esset,</span> <span class='ocrx_word' id='word_1_52' title='bbox 445 1105 559 1151; x_wconf 86' lang='lat' dir='ltr'>vocem</span> <span class='ocrx_word' id='word_1_53' title='bbox 590 1082 705 1170; x_wconf 74' lang='grc' dir='ltr'>ἱερεὺς,</span> <span class='ocrx_word' id='word_1_54' title='bbox 729 1088 757 1154; x_wconf 89' lang='lat' dir='ltr'>si</span> <span class='ocrx_word' id='word_1_55' title='bbox 783 1087 894 1173; x_wconf 88' lang='lat' dir='ltr'>priore·</span> <span class='ocrx_word' id='word_1_56' title='bbox 919 1095 1066 1174; x_wconf 89' lang='lat' dir='ltr'>tempore</span> <span class='ocrx_word' id='word_1_57' title='bbox 1097 1086 1205 1153; x_wconf 91' lang='lat' dir='ltr'>officio</span> <span class='ocrx_word' id='word_1_58' title='bbox 1233 1087 1369 1152; x_wconf 80' lang='lat' dir='ltr'>functus</span> 
     </span>
    </p>
   </div>
   <div class='ocr_carea' id='block_1_5' title="bbox 147 1188 1456 1279">
    <p class='ocr_par' dir='ltr' id='par_1_5' title="bbox 147 1188 1456 1279">
     <span class='ocr_line' id='line_1_8' title="bbox 147 1188 1456 1279; baseline 0.003 -25"><span class='ocrx_word' id='word_1_59' title='bbox 147 1195 241 1269; x_wconf 86' lang='lat' dir='ltr'>esset,</span> <span class='ocrx_word' id='word_1_60' title='bbox 266 1190 412 1256; x_wconf 90' lang='lat' dir='ltr'>verbum</span> <span class='ocrx_word' id='word_1_61' title='bbox 430 1188 607 1275; x_wconf 70' lang='grc' dir='ltr'>ἱερατεὺαας</span> <span class='ocrx_word' id='word_1_62' title='bbox 628 1194 781 1279; x_wconf 86' lang='lat' dir='ltr'>usurpari</span> <span class='ocrx_word' id='word_1_63' title='bbox 796 1214 908 1279; x_wconf 85' lang='lat' dir='ltr'>neque¹</span> <span class='ocrx_word' id='word_1_64' title='bbox 926 1193 992 1260; x_wconf 89' lang='lat' dir='ltr'>nisi</span> <span class='ocrx_word' id='word_1_65' title='bbox 1006 1194 1125 1259; x_wconf 83' lang='lat' dir='ltr'>seriore</span> <span class='ocrx_word' id='word_1_66' title='bbox 1141 1193 1370 1258; x_wconf 80' lang='lat' dir='ltr'>Romanorum</span> <span class='ocrx_word' id='word_1_67' title='bbox 1454 1220 1456 1223; x_wconf 95' lang='lat'>·</span> 
     </span>
    </p>
   </div>
   <div class='ocr_carea' id='block_1_6' title="bbox 144 1289 1369 2554">
    <p class='ocr_par' dir='ltr' id='par_1_6' title="bbox 144 1289 1369 2554">
     <span class='ocr_line' id='line_1_9' title="bbox 147 1289 1365 1377; baseline 0.002 -16"><span class='ocrx_word' id='word_1_68' title='bbox 147 1289 305 1363; x_wconf 81' lang='grc'>1161616111</span> <span class='ocrx_word' id='word_1_69' title='bbox 321 1297 498 1365; x_wconf 76' lang='lat' dir='ltr'>discrimen</span> <span class='ocrx_word' id='word_1_70' title='bbox 513 1298 681 1366; x_wconf 87' lang='lat' dir='ltr'>confundi.</span> <span class='ocrx_word' id='word_1_71' title='bbox 718 1299 794 1377; x_wconf 77' lang='lat' dir='ltr'>Qua</span> <span class='ocrx_word' id='word_1_72' title='bbox 816 1320 858 1365; x_wconf 90' lang='lat' dir='ltr'>ex</span> <span class='ocrx_word' id='word_1_73' title='bbox 871 1319 907 1364; x_wconf 91' lang='lat' dir='ltr'>re</span> <span class='ocrx_word' id='word_1_74' title='bbox 923 1300 1025 1365; x_wconf 89' lang='lat' dir='ltr'>homo</span> <span class='ocrx_word' id='word_1_75' title='bbox 1039 1299 1094 1364; x_wconf 90' lang='grc'>1116</span> <span class='ocrx_word' id='word_1_76' title='bbox 1109 1299 1226 1366; x_wconf 84' lang='lat' dir='ltr'>doctus</span> <span class='ocrx_word' id='word_1_77' title='bbox 1241 1305 1365 1364; x_wconf 87' lang='lat' dir='ltr'>certum</span> 
     </span>
     <span class='ocr_line' id='line_1_10' title="bbox 146 1402 1368 1497; baseline 0.001 -28"><span class='ocrx_word' id='word_1_78' title='bbox 146 1402 312 1470; x_wconf 87' lang='lat' dir='ltr'>indicium</span> <span class='ocrx_word' id='word_1_79' title='bbox 331 1404 419 1470; x_wconf 89' lang='lat' dir='ltr'>etde</span> <span class='ocrx_word' id='word_1_80' title='bbox 434 1404 549 1472; x_wconf 84' lang='lat' dir='ltr'>ordine</span> <span class='ocrx_word' id='word_1_81' title='bbox 564 1406 819 1492; x_wconf 71' lang='lat' dir='ltr'>magistratuum</span> <span class='ocrx_word' id='word_1_82' title='bbox 835 1412 870 1497; x_wconf 86' lang='lat' dir='ltr'>et</span> <span class='ocrx_word' id='word_1_83' title='bbox 882 1412 1030 1491; x_wconf 88' lang='lat' dir='ltr'>tempore</span> <span class='ocrx_word' id='word_1_84' title='bbox 1051 1405 1225 1471; x_wconf 89' lang='lat' dir='ltr'>titulorum</span> <span class='ocrx_word' id='word_1_85' title='bbox 1241 1405 1368 1490; x_wconf 90' lang='lat' dir='ltr'>concipi</span> 
     </span>
     <span class='ocr_line' id='line_1_11' title="bbox 146 1493 1369 1598; baseline 0.001 -22"><span class='ocrx_word' id='word_1_86' title='bbox 146 1530 243 1596; x_wconf 90' lang='lat' dir='ltr'>posse</span> <span class='ocrx_word' id='word_1_87' title='bbox 264 1493 406 1597; x_wconf 81' lang='lat' dir='ltr'>putavit</span> <span class='ocrx_word' id='word_1_88' title='bbox 424 1554 429 1564; x_wconf 49' lang='lat' dir='ltr'><em>s</em></span> <span class='ocrx_word' id='word_1_89' title='bbox 450 1511 496 1579; x_wconf 84' lang='lat' dir='ltr'>At</span> <span class='ocrx_word' id='word_1_90' title='bbox 515 1533 596 1584; x_wconf 77' lang='lat' dir='ltr'>,cum</span> <span class='ocrx_word' id='word_1_91' title='bbox 620 1511 752 1580; x_wconf 88' lang='lat' dir='ltr'>duobus</span> <span class='ocrx_word' id='word_1_92' title='bbox 773 1513 810 1578; x_wconf 91' lang='lat' dir='ltr'>in</span> <span class='ocrx_word' id='word_1_93' title='bbox 832 1512 937 1578; x_wconf 89' lang='lat' dir='ltr'>titulis</span> <span class='ocrx_word' id='word_1_94' title='bbox 960 1512 1152 1579; x_wconf 78' lang='lat' dir='ltr'>Flauiorum</span> <span class='ocrx_word' id='word_1_95' title='bbox 1174 1518 1369 1598; x_wconf 83' lang='lat' dir='ltr'>tempestate</span> 
     </span>
     <span class='ocr_line' id='line_1_12' title="bbox 145 1602 1366 1701; baseline -0.001 -18"><span class='ocrx_word' id='word_1_96' title='bbox 145 1602 440 1684; x_wconf 79' lang='grc'>1116161616611616</span> <span class='ocrx_word' id='word_1_97' title='bbox 469 1617 646 1689; x_wconf 77' lang='lat' dir='ltr'>discrimen</span> <span class='ocrx_word' id='word_1_98' title='bbox 672 1618 756 1685; x_wconf 91' lang='lat' dir='ltr'>illud</span> <span class='ocrx_word' id='word_1_99' title='bbox 783 1618 977 1685; x_wconf 81' lang='lat' dir='ltr'>obscuretur</span> <span class='ocrx_word' id='word_1_100' title='bbox 1003 1617 1090 1701; x_wconf 80' lang='lat' dir='ltr'>(Rea.</span> <span class='ocrx_word' id='word_1_101' title='bbox 1115 1620 1201 1684; x_wconf 78' lang='grc'>6111.</span> <span class='ocrx_word' id='word_1_102' title='bbox 1232 1619 1366 1696; x_wconf 85' lang='grc'>18661,</span> 
     </span>
     <span class='ocr_line' id='line_1_13' title="bbox 145 1722 1369 1811; baseline 0.001 -23"><span class='ocrx_word' id='word_1_103' title='bbox 145 1746 177 1810; x_wconf 90' lang='lat' dir='ltr'>p.</span> <span class='ocrx_word' id='word_1_104' title='bbox 203 1725 267 1789; x_wconf 77' lang='lat'>353</span> <span class='ocrx_word' id='word_1_105' title='bbox 290 1745 322 1788; x_wconf 90' lang='lat' dir='ltr'>n.</span> <span class='ocrx_word' id='word_1_106' title='bbox 343 1722 405 1811; x_wconf 91' lang='grc'>16),</span> <span class='ocrx_word' id='word_1_107' title='bbox 430 1724 653 1811; x_wconf 87' lang='lat' dir='ltr'>distinguatur</span> <span class='ocrx_word' id='word_1_108' title='bbox 674 1726 711 1790; x_wconf 87' lang='lat' dir='ltr'>in</span> <span class='ocrx_word' id='word_1_109' title='bbox 733 1722 1058 1811; x_wconf 78' lang='grc' dir='ltr'>611616(11611,Η611.</span> <span class='ocrx_word' id='word_1_110' title='bbox 1082 1747 1114 1810; x_wconf 90' lang='lat' dir='ltr'>p.</span> <span class='ocrx_word' id='word_1_111' title='bbox 1140 1727 1182 1792; x_wconf 82' lang='lat'>99</span> <span class='ocrx_word' id='word_1_112' title='bbox 1205 1746 1238 1790; x_wconf 92' lang='lat' dir='ltr'>n.</span> <span class='ocrx_word' id='word_1_113' title='bbox 1263 1722 1318 1811; x_wconf 79' lang='lat'>23)</span> <span class='ocrx_word' id='word_1_114' title='bbox 1336 1731 1369 1790; x_wconf 90' lang='lat' dir='ltr'>et</span> 
     </span>
     <span class='ocr_line' id='line_1_14' title="bbox 144 1829 1366 1916; baseline 0.001 -21"><span class='ocrx_word' id='word_1_115' title='bbox 144 1831 182 1895; x_wconf 90' lang='lat' dir='ltr'>in</span> <span class='ocrx_word' id='word_1_116' title='bbox 208 1829 342 1916; x_wconf 79' lang='lat' dir='ltr'>publico</span> <span class='ocrx_word' id='word_1_117' title='bbox 370 1830 498 1896; x_wconf 88' lang='lat' dir='ltr'>decreto</span> <span class='ocrx_word' id='word_1_118' title='bbox 525 1831 569 1898; x_wconf 89' lang='lat' dir='ltr'>ad</span> <span class='ocrx_word' id='word_1_119' title='bbox 596 1831 780 1901; x_wconf 88' lang='lat' dir='ltr'>secundum</span> <span class='ocrx_word' id='word_1_120' title='bbox 808 1835 873 1898; x_wconf 83' lang='lat' dir='ltr'>aut&#39;</span> <span class='ocrx_word' id='word_1_121' title='bbox 893 1831 1028 1898; x_wconf 88' lang='lat' dir='ltr'>tertium</span> <span class='ocrx_word' id='word_1_122' title='bbox 1054 1837 1132 1898; x_wconf 85' lang='lat' dir='ltr'>ante</span> <span class='ocrx_word' id='word_1_123' title='bbox 1155 1831 1215 1896; x_wconf 85' lang='lat' dir='ltr'>Oh.</span> <span class='ocrx_word' id='word_1_124' title='bbox 1243 1852 1277 1896; x_wconf 89' lang='lat' dir='ltr'>n.</span> <span class='ocrx_word' id='word_1_125' title='bbox 1302 1851 1366 1896; x_wconf 89' lang='lat' dir='ltr'>sae·</span> 
     </span>
     <span class='ocr_line' id='line_1_15' title="bbox 147 1934 1365 2024; baseline -0.001 -22"><span class='ocrx_word' id='word_1_126' title='bbox 147 1938 260 2003; x_wconf 83' lang='lat' dir='ltr'>culum</span> <span class='ocrx_word' id='word_1_127' title='bbox 283 1937 467 2023; x_wconf 87' lang='lat' dir='ltr'>pertinente</span> <span class='ocrx_word' id='word_1_128' title='bbox 489 1934 527 2024; x_wconf 79' lang='lat' dir='ltr'>(b.</span> <span class='ocrx_word' id='word_1_129' title='bbox 552 1939 581 2004; x_wconf 82' lang='grc'>1.</span> <span class='ocrx_word' id='word_1_130' title='bbox 606 1937 681 2017; x_wconf 85' lang='lat' dir='ltr'>VH,</span> <span class='ocrx_word' id='word_1_131' title='bbox 706 1960 738 2024; x_wconf 93' lang='lat' dir='ltr'>p.</span> <span class='ocrx_word' id='word_1_132' title='bbox 763 1936 818 2024; x_wconf 82' lang='lat'>97)</span> <span class='ocrx_word' id='word_1_133' title='bbox 844 1959 910 2005; x_wconf 88' lang='lat' dir='ltr'>vox</span> <span class='ocrx_word' id='word_1_134' title='bbox 937 1935 1099 2023; x_wconf 79' lang='grc' dir='ltr'>ἱερατεὺειν</span> <span class='ocrx_word' id='word_1_135' title='bbox 1121 1937 1163 2003; x_wconf 92' lang='lat' dir='ltr'>de</span> <span class='ocrx_word' id='word_1_136' title='bbox 1190 1936 1365 2015; x_wconf 86' lang='lat' dir='ltr'>sacerdote,</span> 
     </span>
     <span class='ocr_line' id='line_1_16' title="bbox 146 2042 1368 2130; baseline -0.001 -22"><span class='ocrx_word' id='word_1_137' title='bbox 146 2044 206 2129; x_wconf 92' lang='lat' dir='ltr'>qui</span> <span class='ocrx_word' id='word_1_138' title='bbox 226 2044 264 2109; x_wconf 93' lang='lat' dir='ltr'>in</span> <span class='ocrx_word' id='word_1_139' title='bbox 286 2063 423 2109; x_wconf 91' lang='lat' dir='ltr'>munere</span> <span class='ocrx_word' id='word_1_140' title='bbox 446 2049 503 2122; x_wconf 89' lang='lat' dir='ltr'>est,</span> <span class='ocrx_word' id='word_1_141' title='bbox 527 2042 733 2124; x_wconf 85' lang='lat' dir='ltr'>adhibeatur,</span> <span class='ocrx_word' id='word_1_142' title='bbox 758 2044 927 2111; x_wconf 86' lang='lat' dir='ltr'>neminem</span> <span class='ocrx_word' id='word_1_143' title='bbox 950 2044 1036 2130; x_wconf 81' lang='lat' dir='ltr'>fugit</span> <span class='ocrx_word' id='word_1_144' title='bbox 1058 2065 1161 2130; x_wconf 89' lang='lat' dir='ltr'>quam</span> <span class='ocrx_word' id='word_1_145' title='bbox 1182 2045 1308 2111; x_wconf 86' lang='lat' dir='ltr'>incerta</span> <span class='ocrx_word' id='word_1_146' title='bbox 1326 2044 1368 2108; x_wconf 88' lang='lat' dir='ltr'>sit</span> 
     </span>
     <span class='ocr_line' id='line_1_17' title="bbox 146 2140 1367 2237; baseline -0.002 -21"><span class='ocrx_word' id='word_1_147' title='bbox 146 2150 203 2218; x_wconf 86' lang='grc'>1116</span> <span class='ocrx_word' id='word_1_148' title='bbox 218 2140 384 2216; x_wconf 72' lang='grc'>1116661111</span> <span class='ocrx_word' id='word_1_149' title='bbox 400 2149 575 2216; x_wconf 89' lang='lat' dir='ltr'>distinctio.</span> <span class='ocrx_word' id='word_1_150' title='bbox 611 2149 711 2228; x_wconf 78' lang='lat' dir='ltr'>Quod</span> <span class='ocrx_word' id='word_1_151' title='bbox 734 2171 812 2216; x_wconf 89' lang='lat' dir='ltr'>eum</span> <span class='ocrx_word' id='word_1_152' title='bbox 829 2151 876 2216; x_wconf 86' lang='lat' dir='ltr'>ita</span> <span class='ocrx_word' id='word_1_153' title='bbox 898 2150 950 2230; x_wconf 88' lang='lat' dir='ltr'>sit,</span> <span class='ocrx_word' id='word_1_154' title='bbox 967 2150 1029 2216; x_wconf 86' lang='lat' dir='ltr'>etsi</span> <span class='ocrx_word' id='word_1_155' title='bbox 1046 2151 1177 2237; x_wconf 88' lang='lat' dir='ltr'>saepius</span> <span class='ocrx_word' id='word_1_156' title='bbox 1199 2149 1282 2215; x_wconf 91' lang='lat' dir='ltr'>illud</span> <span class='ocrx_word' id='word_1_157' title='bbox 1305 2148 1367 2214; x_wconf 85' lang='lat' dir='ltr'>dis-</span> 
     </span>
     <span class='ocr_line' id='line_1_18' title="bbox 145 2254 1367 2342; baseline 0 -21"><span class='ocrx_word' id='word_1_158' title='bbox 145 2256 272 2322; x_wconf 84' lang='lat' dir='ltr'>crimen</span> <span class='ocrx_word' id='word_1_159' title='bbox 286 2255 467 2336; x_wconf 83' lang='lat' dir='ltr'>intercedit,</span> <span class='ocrx_word' id='word_1_160' title='bbox 491 2262 688 2324; x_wconf 88' lang='lat' dir='ltr'>tamennon</span> <span class='ocrx_word' id='word_1_161' title='bbox 710 2257 823 2336; x_wconf 85' lang='lat' dir='ltr'>habes,</span> <span class='ocrx_word' id='word_1_162' title='bbox 847 2277 915 2342; x_wconf 91' lang='lat' dir='ltr'>quo</span> <span class='ocrx_word' id='word_1_163' title='bbox 929 2256 1102 2322; x_wconf 84' lang='lat' dir='ltr'>titulorum</span> <span class='ocrx_word' id='word_1_164' title='bbox 1124 2254 1257 2342; x_wconf 85' lang='lat' dir='ltr'>tempus</span> <span class='ocrx_word' id='word_1_165' title='bbox 1280 2262 1367 2322; x_wconf 80' lang='lat' dir='ltr'>certo</span> 
     </span>
     <span class='ocr_line' id='line_1_19' title="bbox 147 2361 404 2428; baseline -0.008 0"><span class='ocrx_word' id='word_1_166' title='bbox 147 2361 404 2428; x_wconf 78' lang='lat' dir='ltr'>circumscribas</span> 
     </span>
     <span class='ocr_line' id='line_1_20' title="bbox 236 2467 1206 2554; baseline 0.001 -20"><span class='ocrx_word' id='word_1_167' title='bbox 236 2467 301 2534; x_wconf 84' lang='lat' dir='ltr'>Sed</span> <span class='ocrx_word' id='word_1_168' title='bbox 323 2467 391 2533; x_wconf 90' lang='lat' dir='ltr'>iam</span> <span class='ocrx_word' id='word_1_169' title='bbox 412 2468 514 2534; x_wconf 91' lang='lat' dir='ltr'>finem</span> <span class='ocrx_word' id='word_1_170' title='bbox 538 2469 809 2536; x_wconf 84' lang='lat' dir='ltr'>commentationi</span> <span class='ocrx_word' id='word_1_171' title='bbox 831 2475 963 2535; x_wconf 84' lang='lat' dir='ltr'>nostrae</span> <span class='ocrx_word' id='word_1_172' title='bbox 984 2470 1206 2554; x_wconf 84' lang='lat' dir='ltr'>imponamus.</span> 
     </span>
    </p>
   </div>
   <div class='ocr_carea' id='block_1_7' title="bbox 65 2681 1368 4578">
    <p class='ocr_par' dir='ltr' id='par_1_7' title="bbox 65 2681 1368 4578">
     <span class='ocr_line' id='line_1_21' title="bbox 235 2681 1366 2768; baseline -0.002 -21"><span class='ocrx_word' id='word_1_173' title='bbox 235 2681 388 2748; x_wconf 81' lang='lat' dir='ltr'>Forsitan</span> <span class='ocrx_word' id='word_1_174' title='bbox 420 2688 533 2748; x_wconf 91' lang='lat' dir='ltr'>autem</span> <span class='ocrx_word' id='word_1_175' title='bbox 565 2683 743 2748; x_wconf 86' lang='lat' dir='ltr'>existumet</span> <span class='ocrx_word' id='word_1_176' title='bbox 775 2683 852 2768; x_wconf 90' lang='lat' dir='ltr'>quis</span> <span class='ocrx_word' id='word_1_177' title='bbox 885 2702 960 2748; x_wconf 91' lang='lat' dir='ltr'>eam</span> <span class='ocrx_word' id='word_1_178' title='bbox 990 2681 1215 2768; x_wconf 86' lang='lat' dir='ltr'>investigandi</span> <span class='ocrx_word' id='word_1_179' title='bbox 1247 2686 1280 2746; x_wconf 93' lang='lat' dir='ltr'>et</span> <span class='ocrx_word' id='word_1_180' title='bbox 1314 2681 1366 2746; x_wconf 84' lang='lat' dir='ltr'>de-</span> 
     </span>
     <span class='ocr_line' id='line_1_22' title="bbox 147 2787 1365 2874; baseline -0.002 -22"><span class='ocrx_word' id='word_1_181' title='bbox 147 2788 312 2854; x_wconf 88' lang='lat' dir='ltr'>scribendi</span> <span class='ocrx_word' id='word_1_182' title='bbox 334 2789 505 2869; x_wconf 88' lang='lat' dir='ltr'>rationem,</span> <span class='ocrx_word' id='word_1_183' title='bbox 523 2791 634 2874; x_wconf 86' lang='lat' dir='ltr'>¹quem</span> <span class='ocrx_word' id='word_1_184' title='bbox 656 2789 692 2854; x_wconf 90' lang='lat' dir='ltr'>in</span> <span class='ocrx_word' id='word_1_185' title='bbox 714 2789 778 2854; x_wconf 92' lang='lat' dir='ltr'>hoc</span> <span class='ocrx_word' id='word_1_186' title='bbox 801 2788 961 2874; x_wconf 89' lang='lat' dir='ltr'>opusculo</span> <span class='ocrx_word' id='word_1_187' title='bbox 984 2810 1060 2854; x_wconf 89' lang='lat' dir='ltr'>sum</span> <span class='ocrx_word' id='word_1_188' title='bbox 1082 2795 1283 2874; x_wconf 87' lang='lat' dir='ltr'>persecutus,</span> <span class='ocrx_word' id='word_1_189' title='bbox 1308 2787 1365 2852; x_wconf 88' lang='lat' dir='ltr'>sci-</span> 
     </span>
     <span class='ocr_line' id='line_1_23' title="bbox 147 2893 1366 2980; baseline 0 -21"><span class='ocrx_word' id='word_1_190' title='bbox 147 2893 224 2960; x_wconf 88' lang='lat' dir='ltr'>licet</span> <span class='ocrx_word' id='word_1_191' title='bbox 245 2901 283 2960; x_wconf 90' lang='lat' dir='ltr'>ut</span> <span class='ocrx_word' id='word_1_192' title='bbox 302 2916 373 2960; x_wconf 91' lang='lat' dir='ltr'>non</span> <span class='ocrx_word' id='word_1_193' title='bbox 389 2896 501 2960; x_wconf 91' lang='lat' dir='ltr'>omnia</span> <span class='ocrx_word' id='word_1_194' title='bbox 524 2915 610 2980; x_wconf 89' lang='lat' dir='ltr'>quae</span> <span class='ocrx_word' id='word_1_195' title='bbox 633 2895 674 2962; x_wconf 90' lang='lat' dir='ltr'>de</span> <span class='ocrx_word' id='word_1_196' title='bbox 687 2894 895 2960; x_wconf 86' lang='lat' dir='ltr'>Rhodiorum</span> <span class='ocrx_word' id='word_1_197' title='bbox 913 2895 1073 2961; x_wconf 89' lang='lat' dir='ltr'>institutis</span> <span class='ocrx_word' id='word_1_198' title='bbox 1094 2894 1258 2960; x_wconf 88' lang='lat' dir='ltr'>habemus</span> <span class='ocrx_word' id='word_1_199' title='bbox 1281 2915 1366 2960; x_wconf 88' lang='lat' dir='ltr'>com-</span> 
     </span>
     <span class='ocr_line' id='line_1_24' title="bbox 147 3000 1367 3088; baseline 0 -24"><span class='ocrx_word' id='word_1_200' title='bbox 147 3005 248 3085; x_wconf 87' lang='lat' dir='ltr'>perta,</span> <span class='ocrx_word' id='word_1_201' title='bbox 273 3002 369 3086; x_wconf 89' lang='lat' dir='ltr'>quasi</span> <span class='ocrx_word' id='word_1_202' title='bbox 390 3020 459 3074; x_wconf 89' lang='lat' dir='ltr'>uno</span> <span class='ocrx_word' id='word_1_203' title='bbox 482 3007 595 3067; x_wconf 87' lang='lat' dir='ltr'>tenore</span> <span class='ocrx_word' id='word_1_204' title='bbox 616 3022 843 3088; x_wconf 89' lang='lat' dir='ltr'>proponerem,</span> <span class='ocrx_word' id='word_1_205' title='bbox 867 3000 983 3068; x_wconf 88' lang='lat' dir='ltr'>sedin</span> <span class='ocrx_word' id='word_1_206' title='bbox 1014 3000 1152 3086; x_wconf 83' lang='lat' dir='ltr'>singulis</span> <span class='ocrx_word' id='word_1_207' title='bbox 1182 3000 1367 3067; x_wconf 83' lang='lat' dir='ltr'>accuratius</span> 
     </span>
     <span class='ocr_line' id='line_1_25' title="bbox 147 3106 1365 3197; baseline -0.002 -23"><span class='ocrx_word' id='word_1_208' title='bbox 147 3108 391 3192; x_wconf 87' lang='lat' dir='ltr'>perscrutandis</span> <span class='ocrx_word' id='word_1_209' title='bbox 407 3115 439 3174; x_wconf 91' lang='lat' dir='ltr'>et</span> <span class='ocrx_word' id='word_1_210' title='bbox 454 3106 671 3174; x_wconf 87' lang='lat' dir='ltr'>emendandis</span> <span class='ocrx_word' id='word_1_211' title='bbox 687 3109 938 3195; x_wconf 87' lang='lat' dir='ltr'>acquiescerem,</span> <span class='ocrx_word' id='word_1_212' title='bbox 955 3128 1029 3173; x_wconf 85' lang='lat' dir='ltr'>eam</span> <span class='ocrx_word' id='word_1_213' title='bbox 1040 3109 1153 3197; x_wconf 86' lang='lat' dir='ltr'>minus</span> <span class='ocrx_word' id='word_1_214' title='bbox 1168 3127 1239 3173; x_wconf 88' lang='lat' dir='ltr'>esse</span> <span class='ocrx_word' id='word_1_215' title='bbox 1253 3113 1365 3193; x_wconf 89' lang='lat' dir='ltr'>aptam</span> 
     </span>
     <span class='ocr_line' id='line_1_26' title="bbox 148 3208 1366 3302; baseline -0.002 -24"><span class='ocrx_word' id='word_1_216' title='bbox 148 3212 191 3278; x_wconf 90' lang='lat' dir='ltr'>ad</span> <span class='ocrx_word' id='word_1_217' title='bbox 214 3214 463 3302; x_wconf 88' lang='lat' dir='ltr'>exprimendam</span> <span class='ocrx_word' id='word_1_218' title='bbox 486 3214 574 3281; x_wconf 82' lang='lat' dir='ltr'>iilius</span> <span class='ocrx_word' id='word_1_219' title='bbox 591 3215 731 3282; x_wconf 87' lang='lat' dir='ltr'>civitatis</span> <span class='ocrx_word' id='word_1_220' title='bbox 754 3208 935 3301; x_wconf 87' lang='lat' dir='ltr'>imaginem</span> <span class='ocrx_word' id='word_1_221' title='bbox 950 3214 1227 3298; x_wconf 87' lang='lat' dir='ltr'>excitandamque</span> <span class='ocrx_word' id='word_1_222' title='bbox 1238 3213 1366 3279; x_wconf 87' lang='lat' dir='ltr'>lectoris</span> 
     </span>
     <span class='ocr_line' id='line_1_27' title="bbox 147 3319 1366 3409; baseline -0.001 -24"><span class='ocrx_word' id='word_1_223' title='bbox 147 3320 408 3388; x_wconf 84' lang='lat' dir='ltr'>oblectationem.</span> <span class='ocrx_word' id='word_1_224' title='bbox 456 3321 566 3400; x_wconf 80' lang='lat' dir='ltr'>Quam</span> <span class='ocrx_word' id='word_1_225' title='bbox 590 3323 618 3389; x_wconf 90' lang='lat' dir='ltr'>si</span> <span class='ocrx_word' id='word_1_226' title='bbox 646 3323 721 3408; x_wconf 89' lang='lat' dir='ltr'>quis</span> <span class='ocrx_word' id='word_1_227' title='bbox 744 3322 961 3409; x_wconf 88' lang='lat' dir='ltr'>amplectatur</span> <span class='ocrx_word' id='word_1_228' title='bbox 988 3321 1187 3408; x_wconf 88' lang='lat' dir='ltr'>opinionem,</span> <span class='ocrx_word' id='word_1_229' title='bbox 1215 3319 1366 3386; x_wconf 87' lang='lat' dir='ltr'>isvelim</span> 
     </span>
     <span class='ocr_line' id='line_1_28' title="bbox 146 3419 1367 3516; baseline -0.002 -24"><span class='ocrx_word' id='word_1_230' title='bbox 146 3433 275 3512; x_wconf 88' lang='lat' dir='ltr'>praeter</span> <span class='ocrx_word' id='word_1_231' title='bbox 301 3449 348 3507; x_wconf 89' lang='lat' dir='ltr'>ea,</span> <span class='ocrx_word' id='word_1_232' title='bbox 380 3449 466 3513; x_wconf 89' lang='lat' dir='ltr'>quae</span> <span class='ocrx_word' id='word_1_233' title='bbox 493 3429 588 3494; x_wconf 88' lang='lat' dir='ltr'>initio</span> <span class='ocrx_word' id='word_1_234' title='bbox 617 3428 718 3494; x_wconf 88' lang='lat' dir='ltr'>huius</span> <span class='ocrx_word' id='word_1_235' title='bbox 742 3427 974 3516; x_wconf 85' lang='lat' dir='ltr'>disputationis</span> <span class='ocrx_word' id='word_1_236' title='bbox 1003 3427 1129 3506; x_wconf 88' lang='lat' dir='ltr'>monui,</span> <span class='ocrx_word' id='word_1_237' title='bbox 1158 3419 1259 3492; x_wconf 88' lang='lat' dir='ltr'>etiam</span> <span class='ocrx_word' id='word_1_238' title='bbox 1285 3425 1367 3490; x_wconf 86' lang='lat' dir='ltr'>haec</span> 
     </span>
     <span class='ocr_line' id='line_1_29' title="bbox 148 3532 1367 3621; baseline -0.002 -23"><span class='ocrx_word' id='word_1_239' title='bbox 148 3533 260 3599; x_wconf 90' lang='lat' dir='ltr'>animo</span> <span class='ocrx_word' id='word_1_240' title='bbox 282 3535 472 3621; x_wconf 89' lang='lat' dir='ltr'>perpendat.</span> <span class='ocrx_word' id='word_1_241' title='bbox 509 3535 575 3613; x_wconf 76' lang='lat' dir='ltr'>oui</span> <span class='ocrx_word' id='word_1_242' title='bbox 597 3536 696 3602; x_wconf 89' lang='lat' dir='ltr'>hodie</span> <span class='ocrx_word' id='word_1_243' title='bbox 718 3542 822 3602; x_wconf 86' lang='lat' dir='ltr'>totam</span> <span class='ocrx_word' id='word_1_244' title='bbox 845 3535 1053 3600; x_wconf 90' lang='lat' dir='ltr'>Rhodiorum</span> <span class='ocrx_word' id='word_1_245' title='bbox 1067 3532 1266 3618; x_wconf 87' lang='lat' dir='ltr'>reipublicae</span> <span class='ocrx_word' id='word_1_246' title='bbox 1288 3532 1367 3597; x_wconf 90' lang='lat' dir='ltr'>ima·</span> 
     </span>
     <span class='ocr_line' id='line_1_30' title="bbox 147 3639 1367 3729; baseline -0.002 -24"><span class='ocrx_word' id='word_1_247' title='bbox 147 3640 259 3724; x_wconf 81' lang='lat' dir='ltr'>ginem</span> <span class='ocrx_word' id='word_1_248' title='bbox 282 3639 436 3728; x_wconf 83' lang='lat' dir='ltr'>effingere</span> <span class='ocrx_word' id='word_1_249' title='bbox 457 3648 558 3727; x_wconf 91' lang='lat' dir='ltr'>atque</span> <span class='ocrx_word' id='word_1_250' title='bbox 581 3643 761 3729; x_wconf 85' lang='lat' dir='ltr'>exprimere</span> <span class='ocrx_word' id='word_1_251' title='bbox 777 3647 924 3722; x_wconf 88' lang='lat' dir='ltr'>conatur,</span> <span class='ocrx_word' id='word_1_252' title='bbox 948 3641 978 3706; x_wconf 91' lang='lat' dir='ltr'>ei</span> <span class='ocrx_word' id='word_1_253' title='bbox 999 3662 1069 3705; x_wconf 90' lang='lat' dir='ltr'>non</span> <span class='ocrx_word' id='word_1_254' title='bbox 1087 3639 1196 3706; x_wconf 90' lang='lat' dir='ltr'>solum</span> <span class='ocrx_word' id='word_1_255' title='bbox 1218 3644 1367 3706; x_wconf 85' lang='lat' dir='ltr'>veterum</span> 
     </span>
     <span class='ocr_line' id='line_1_31' title="bbox 149 3743 1367 3834; baseline -0.002 -23"><span class='ocrx_word' id='word_1_256' title='bbox 149 3747 344 3832; x_wconf 89' lang='lat' dir='ltr'>scriptorum</span> <span class='ocrx_word' id='word_1_257' title='bbox 375 3753 408 3813; x_wconf 87' lang='grc'>61</span> <span class='ocrx_word' id='word_1_258' title='bbox 438 3748 691 3834; x_wconf 89' lang='lat' dir='ltr'>inscriptionum</span> <span class='ocrx_word' id='word_1_259' title='bbox 722 3749 912 3814; x_wconf 89' lang='lat' dir='ltr'>testimonia</span> <span class='ocrx_word' id='word_1_260' title='bbox 943 3752 1022 3812; x_wconf 89' lang='lat' dir='ltr'>sunt</span> <span class='ocrx_word' id='word_1_261' title='bbox 1053 3744 1280 3825; x_wconf 75' lang='lat' dir='ltr'>admiscenda,</span> <span class='ocrx_word' id='word_1_262' title='bbox 1309 3743 1367 3810; x_wconf 88' lang='lat' dir='ltr'>sed</span> 
     </span>
     <span class='ocr_line' id='line_1_32' title="bbox 147 3852 1367 3940; baseline -0.001 -23"><span class='ocrx_word' id='word_1_263' title='bbox 147 3852 246 3938; x_wconf 92' lang='lat' dir='ltr'>plane</span> <span class='ocrx_word' id='word_1_264' title='bbox 272 3873 405 3918; x_wconf 86' lang='lat' dir='ltr'>necesse</span> <span class='ocrx_word' id='word_1_265' title='bbox 433 3860 491 3934; x_wconf 88' lang='lat' dir='ltr'>est,</span> <span class='ocrx_word' id='word_1_266' title='bbox 524 3875 743 3940; x_wconf 89' lang='lat' dir='ltr'>quaeeunque</span> <span class='ocrx_word' id='word_1_267' title='bbox 772 3853 1031 3938; x_wconf 84' lang='lat' dir='ltr'>archaeologiae,</span> <span class='ocrx_word' id='word_1_268' title='bbox 1060 3873 1285 3930; x_wconf 88' lang='lat' dir='ltr'>nummorum,</span> <span class='ocrx_word' id='word_1_269' title='bbox 1319 3871 1367 3916; x_wconf 90' lang='lat' dir='ltr'>ce-</span> 
     </span>
     <span class='ocr_line' id='line_1_33' title="bbox 147 3950 1367 4047; baseline -0.002 -23"><span class='ocrx_word' id='word_1_270' title='bbox 147 3964 293 4024; x_wconf 86' lang='lat' dir='ltr'>terarum</span> <span class='ocrx_word' id='word_1_271' title='bbox 320 3950 442 4024; x_wconf 79' lang='lat' dir='ltr'>artium</span> <span class='ocrx_word' id='word_1_272' title='bbox 470 3959 619 4027; x_wconf 83' lang='lat' dir='ltr'>doctrina</span> <span class='ocrx_word' id='word_1_273' title='bbox 648 3961 784 4047; x_wconf 88' lang='lat' dir='ltr'>praebet</span> <span class='ocrx_word' id='word_1_274' title='bbox 810 3959 967 4040; x_wconf 89' lang='lat' dir='ltr'>subsidia,</span> <span class='ocrx_word' id='word_1_275' title='bbox 999 3974 1040 4024; x_wconf 78' lang='lat' dir='ltr'>ea·</span> <span class='ocrx_word' id='word_1_276' title='bbox 1064 3959 1178 4024; x_wconf 86' lang='lat' dir='ltr'>omnia</span> <span class='ocrx_word' id='word_1_277' title='bbox 1203 3958 1240 4023; x_wconf 92' lang='lat' dir='ltr'>in</span> <span class='ocrx_word' id='word_1_278' title='bbox 1265 3978 1367 4022; x_wconf 89' lang='lat' dir='ltr'>usum</span> 
     </span>
     <span class='ocr_line' id='line_1_34' title="bbox 65 4062 1366 4153; baseline -0.003 -22"><span class='ocrx_word' id='word_1_279' title='bbox 65 4095 67 4102; x_wconf 95' lang='lat'>·</span> <span class='ocrx_word' id='word_1_280' title='bbox 148 4085 250 4131; x_wconf 85' lang='lat' dir='ltr'>suum</span> <span class='ocrx_word' id='word_1_281' title='bbox 277 4071 446 4132; x_wconf 84' lang='lat' dir='ltr'>convertat</span> <span class='ocrx_word' id='word_1_282' title='bbox 476 4074 576 4153; x_wconf 84' lang='lat' dir='ltr'>atque</span> <span class='ocrx_word' id='word_1_283' title='bbox 607 4068 650 4132; x_wconf 89' lang='lat' dir='ltr'>ad</span> <span class='ocrx_word' id='word_1_284' title='bbox 677 4065 945 4132; x_wconf 87' lang='lat' dir='ltr'>adumbrandam</span> <span class='ocrx_word' id='word_1_285' title='bbox 972 4065 1062 4131; x_wconf 90' lang='lat' dir='ltr'>illius</span> <span class='ocrx_word' id='word_1_286' title='bbox 1091 4071 1197 4130; x_wconf 89' lang='lat' dir='ltr'>status</span> <span class='ocrx_word' id='word_1_287' title='bbox 1224 4062 1366 4148; x_wconf 83' lang='lat' dir='ltr'>effigiem</span> 
     </span>
     <span class='ocr_line' id='line_1_35' title="bbox 149 4169 1368 4260; baseline -0.003 -23"><span class='ocrx_word' id='word_1_288' title='bbox 149 4171 414 4259; x_wconf 89' lang='lat' dir='ltr'>comprehendat.</span> <span class='ocrx_word' id='word_1_289' title='bbox 462 4173 560 4250; x_wconf 79' lang='lat' dir='ltr'>Quod</span> <span class='ocrx_word' id='word_1_290' title='bbox 589 4173 634 4239; x_wconf 89' lang='grc'>611</span> <span class='ocrx_word' id='word_1_291' title='bbox 659 4195 743 4260; x_wconf 89' lang='lat' dir='ltr'>opus</span> <span class='ocrx_word' id='word_1_292' title='bbox 770 4171 1014 4238; x_wconf 90' lang='lat' dir='ltr'>conficiendum</span> <span class='ocrx_word' id='word_1_293' title='bbox 1036 4191 1140 4256; x_wconf 89' lang='lat' dir='ltr'>quam</span> <span class='ocrx_word' id='word_1_294' title='bbox 1166 4170 1273 4235; x_wconf 90' lang='lat' dir='ltr'>multa</span> <span class='ocrx_word' id='word_1_295' title='bbox 1301 4169 1368 4234; x_wconf 92' lang='lat' dir='ltr'>sint</span> 
     </span>
     <span class='ocr_line' id='line_1_36' title="bbox 148 4275 1366 4366; baseline -0.005 -22"><span class='ocrx_word' id='word_1_296' title='bbox 148 4278 304 4364; x_wconf 87' lang='lat' dir='ltr'>paranda,</span> <span class='ocrx_word' id='word_1_297' title='bbox 328 4285 445 4365; x_wconf 85' lang='lat' dir='ltr'>parata</span> <span class='ocrx_word' id='word_1_298' title='bbox 465 4301 569 4364; x_wconf 89' lang='lat' dir='ltr'>quam</span> <span class='ocrx_word' id='word_1_299' title='bbox 586 4300 693 4366; x_wconf 89' lang='lat' dir='ltr'>pauca</span> <span class='ocrx_word' id='word_1_300' title='bbox 709 4278 929 4365; x_wconf 89' lang='lat' dir='ltr'>suppeditent,</span> <span class='ocrx_word' id='word_1_301' title='bbox 952 4278 1010 4345; x_wconf 87' lang='lat' dir='ltr'>vix</span> <span class='ocrx_word' id='word_1_302' title='bbox 1033 4275 1187 4361; x_wconf 82' lang='lat' dir='ltr'>estquod</span> <span class='ocrx_word' id='word_1_303' title='bbox 1201 4296 1366 4342; x_wconf 87' lang='lat' dir='ltr'>moneam.</span> 
     </span>
     <span class='ocr_line' id='line_1_37' title="bbox 149 4382 1367 4473; baseline -0.005 -23"><span class='ocrx_word' id='word_1_304' title='bbox 149 4385 201 4450; x_wconf 82' lang='lat' dir='ltr'>Ex</span> <span class='ocrx_word' id='word_1_305' title='bbox 223 4385 325 4452; x_wconf 90' lang='grc'>611616</span> <span class='ocrx_word' id='word_1_306' title='bbox 347 4393 460 4452; x_wconf 86' lang='grc'>61116111</span> <span class='ocrx_word' id='word_1_307' title='bbox 482 4392 575 4473; x_wconf 90' lang='lat' dir='ltr'>parte</span> <span class='ocrx_word' id='word_1_308' title='bbox 604 4392 692 4453; x_wconf 86' lang='grc'>66116</span> <span class='ocrx_word' id='word_1_309' title='bbox 718 4391 902 4451; x_wconf 87' lang='lat' dir='ltr'>ostentatur</span> <span class='ocrx_word' id='word_1_310' title='bbox 927 4405 1011 4470; x_wconf 75' lang='lat' dir='ltr'>sper,</span> <span class='ocrx_word' id='word_1_311' title='bbox 1040 4383 1100 4449; x_wconf 87' lang='lat' dir='ltr'>ubi</span> <span class='ocrx_word' id='word_1_312' title='bbox 1121 4383 1267 4468; x_wconf 91' lang='lat' dir='ltr'>primum</span> <span class='ocrx_word' id='word_1_313' title='bbox 1296 4382 1367 4467; x_wconf 90' lang='lat' dir='ltr'>ipsa</span> 
     </span>
     <span class='ocr_line' id='line_1_38' title="bbox 148 4487 1365 4578; baseline -0.004 -22"><span class='ocrx_word' id='word_1_314' title='bbox 148 4491 257 4557; x_wconf 86' lang='lat' dir='ltr'>insula</span> <span class='ocrx_word' id='word_1_315' title='bbox 284 4499 316 4558; x_wconf 91' lang='lat' dir='ltr'>et</span> <span class='ocrx_word' id='word_1_316' title='bbox 343 4514 429 4578; x_wconf 88' lang='lat' dir='ltr'>quae</span> <span class='ocrx_word' id='word_1_317' title='bbox 462 4493 491 4558; x_wconf 90' lang='lat' dir='ltr'>ei</span> <span class='ocrx_word' id='word_1_318' title='bbox 519 4491 653 4558; x_wconf 88' lang='lat' dir='ltr'>subdita</span> <span class='ocrx_word' id='word_1_319' title='bbox 684 4499 754 4560; x_wconf 88' lang='lat' dir='ltr'>erat</span> <span class='ocrx_word' id='word_1_320' title='bbox 779 4498 865 4558; x_wconf 89' lang='lat' dir='ltr'>terra</span> <span class='ocrx_word' id='word_1_321' title='bbox 888 4490 988 4576; x_wconf 88' lang='lat' dir='ltr'>paulo</span> <span class='ocrx_word' id='word_1_322' title='bbox 1011 4487 1202 4573; x_wconf 83' lang='lat' dir='ltr'>diligentius</span> <span class='ocrx_word' id='word_1_323' title='bbox 1228 4487 1289 4552; x_wconf 91' lang='lat' dir='ltr'>erit</span> <span class='ocrx_word' id='word_1_324' title='bbox 1315 4507 1365 4551; x_wconf 92' lang='lat' dir='ltr'>ex·</span> 
     </span>
    </p>
   </div>
   <div class='ocr_carea' id='block_1_8' title="bbox 1618 1244 1631 1377">
    <p class='ocr_par' dir='ltr' id='par_1_8' title="bbox 1618 1244 1631 1377">
     <span class='ocr_line' id='line_1_39' title="bbox 1618 1244 1623 1254; baseline 0 0"><span class='ocrx_word' id='word_1_325' title='bbox 1618 1244 1623 1254; x_wconf 76' lang='grc' dir='ltr'><strong>ι</strong></span> 
     </span>
     <span class='ocr_line' id='line_1_40' title="bbox 1629 1368 1631 1377; baseline 0 0"><span class='ocrx_word' id='word_1_326' title='bbox 1629 1368 1631 1377; x_wconf 91' lang='grc' dir='ltr'>ι</span> 
     </span>
    </p>
   </div>
   <div class='ocr_carea' id='block_1_9' title="bbox 0 0 1654 5142">
    <p class='ocr_par' dir='ltr' id='par_1_9' title="bbox 0 0 1654 5142">
     <span class='ocr_line' id='line_1_41' title="bbox 0 0 1654 5142; baseline 0 0"><span class='ocrx_word' id='word_1_327' title='bbox 0 0 1654 5142; x_wconf 95' lang='lat' dir='ltr'> </span> 
     </span>
    </p>
   </div>
  </div>
 </body>
</html>
