3300 5142
673 362 894 426 ..251-

171 564 221 625 161
231 558 365 643 Lindiis
379 555 649 643 inscriptionibus
666 555 780 622 nullus
796 557 881 622 alius
895 557 1087 623 nominetur
1099 557 1321 643 magistratus,
1338 557 1393 622 eui

172 685 343 734 summum
365 684 477 730 rorum
499 664 648 750 regimen
671 662 849 748 impertias,
865 671 868 675 '
883 664 1000 749 procul
1030 663 1134 730 dubio
1157 685 1228 728 esse
1249 663 1389 743 videtur,

171 771 253 858 quin
265 771 301 836 hi
313 770 470 856 epistatae
483 791 650 852 summam
662 768 858 836 Lindiorum
871 770 1059 837 communis
1071 769 1392 842 administrationem

170 877 366 944 curaverint.
412 875 541 942 Deinde
563 882 677 951 autem
705 875 979 942 Bottermundius
1002 876 1215 945 Fouoartium
1245 881 1280 942 et
1299 875 1390 940 Now·

169 984 301 1050 tonium
313 989 445 1049 secutus
460 989 525 1048 tres
542 983 707 1078 epistates
731 983 791 1068 qui
804 982 884 1049 inde
906 1003 927 1049 a
942 983 1037 1076 tertio
1052 1003 1150 1049 versu
1164 981 1389 1075 nominantur,
1483 989 1486 993 ’

168 1090 284 1176 prioris
300 1089 381 1154 anni
395 1089 628 1176 magistratum
644 1088 841 1156 sustinuisse
855 1088 1018 1174 probavit.
1041 1089 1105 1155 Cui
1117 1088 1298 1157 sententiae
1313 1109 1391 1156 cum

169 1215 239 1261 non
262 1195 312 1274 sit,
345 1193 436 1282 quod
464 1197 536 1262 iure
559 1215 782 1281 opponamus,
807 1200 873 1261 tres
896 1195 1052 1280 epistates
1074 1193 1174 1260 Lindi
1194 1194 1232 1260 in
1253 1215 1391 1262 munere

169 1301 270 1368 fuisse
284 1307 333 1366 est
342 1300 525 1368 verisimile,
550 1301 622 1365 lam
632 1321 710 1365 cum
724 1299 761 1364 in
776 1299 925 1386 catalogo
940 1299 1197 1385 magistratuum
1209 1298 1299 1385 apud
1310 1297 1389 1364 Ros-

168 1407 256 1474 sium
271 1409 322 1474 Ia.
346 1409 390 1472 io.
408 1409 481 1486 276,
500 1427 601 1492 quem
616 1405 812 1472 Fouoartius
828 1406 905 1472 Rev.
919 1409 1005 1472 oret.
1025 1408 1109 1473 1866
1124 1407 1149 1474 Ι.
1166 1429 1199 1493 p.
1216 1409 1281 1473 336
1300 1405 1387 1485 adn,

167 1537 200 1600 p.
218 1516 281 1581 337
305 1513 531 1580 Camirensem
553 1534 624 1581 esse
646 1511 825 1596 contendit,
849 1513 957 1598 primo
979 1512 1051 1580 loco
1072 1519 1138 1579 tres
1157 1518 1389 1579 recenseantur

168 1620 512 1706 spissae„.fuerune‚
541 1619 609 1712 qui
623 1619 724 1685 etiam
746 1619 801 1684 hio
823 1624 889 1684 tres
915 1618 991 1686 illos
1012 1619 1209 1686 Lindiorum
1232 1619 1388 1706 epistates

168 1725 422 1812 deprehendisse
454 1725 525 1792 sibi*
548 1724 747 1796 viderentur.
795 1723 895 1802 Quod
925 1746 1078 1811 perversa
1111 1746 1156 1792 ne
1187 1726 1230 1792 sit
1261 1725 1388 1791 facturn

166 1831 276 1898 timeo.
332 1830 548 1916 Quamquam
577 1829 667 1900 enim
701 1829 910 1916 exploratum
940 1838 1002 1911 est,
1035 1831 1092 1900 illo
1123 1832 1161 1910 in
1194 1832 1292 1920 titulo
1318 1828 1406 1898 non'

165 1937 271 2024 ipsius
294 1936 542 2019 Camirensium
572 1936 759 2002 communis
787 1937 1002 2021 magistratus
1025 1959 1096 2004 esse
1125 1939 1322 2024 perscriptos
1345 1976 1389 1985 —
1412 1945 1419 1962 '

167 2043 231 2110 hoo
263 2043 353 2108 enim
384 2063 513 2108 sumere
541 2063 610 2108 non
633 2041 742 2108 solum
774 2042 1036 2110 sacrificulorum
1062 2065 1203 2110 numero
1227 2043 1388 2131 (quinque
1492 2117 1496 2124 ¹

167 2150 208 2216 cf.
232 2169 333 2236 supra
354 2172 385 2236 p.
414 2151 453 2216 18
470 2155 503 2215 61
525 2149 692 2229 Β6611661,
717 2149 758 2214 66
782 2148 1209 2231 (116666166666111166116,
1233 2151 1293 2236 qui
1315 2149 1388 2241 tepo-
1464 2166 1467 2203 -'

167 2263 246 2322 ποιοί
269 2255 557 2342 6666161615),
582 2254 641 2322 sed
664 2255 764 2322 etiam
780 2276 828 2335 eo,
852 2255 944 2341 quod
959 2255 1164 2322 desideratur
1183 2255 1387 2342 demiurgus,

113 2362 115 2368 ’
166 2361 640 2442 16166161-1616666116666,
654 2381 731 2427 6616
747 2361 832 2448 lapis
846 2363 934 2428 inter
948 2362 1070 2428 rudera
1084 2362 1214 2429 delubri
1224 2363 1387 2449 Apollinis
1428 2398 1430 2405 a

164 2467 340 2547 Erethimii
363 2469 406 2534 sit
427 2475 585 2554 repertus,
609 2474 642 2533 et
664 2467 929 2554 hierothytarum
947 2455 1193 2554 praemissio
1212 2475 1244 2533 et
1266 2464 1388 2556 ἱεροφυ-

166 2577 268 2641 λάκων
284 2574 410 2641 6166116
421 2571 522 2640 111616
537 2574 725 2660 catalogum
737 2573 838 2640 Lindi
852 2575 1017 2660 pertinere
1032 2575 1226 2642 dissuadent
1271 2577 1388 2662 ltaque

165 2683 310 2752 maxime
321 2679 502 2769 probabilis
515 2681 599 2746 mihi
615 2687 664 2746 est
675 2681 786 2748 Rossii
801 2682 998 2762 coniectura,
1016 2682 1076 2768 qui
1086 2682 1159 2749 illos
1174 2681 1387 2768 magistratus

166 2787 335 2873 adipsum
350 2788 514 2874 Apollinis
530 2787 705 2854 Erethimii
719 2789 885 2874 templum
898 2789 1033 2854 rettulit.
1069 2789 1193 2856 Contra
1204 2789 1241 2854 in
1255 2788 1387 2856 duobus

166 2892 238 2958 aliis
260 2886 481 2960 marmoribus
504 2893 606 2960 huius
629 2894 787 2978 epistates
810 2894 1333 2962 6166116661111161161661661166

116 3074 119 3079 .
254 2999 405 3068 Primum
436 3000 573 3086 quidem
603 3000 744 3066 occurrit
765 3000 802 3064 in
833 3000 931 3066 titulo
952 3003 1003 3066 M.
1027 3025 1056 3067 6.
1083 2987 1120 3067 (l.
1147 3003 1241 3082 1883,
1264 3023 1297 3087 p.
1325 3004 1386 3068 136

164 3127 198 3170 6.
229 3108 268 3171 71
298 3112 330 3172 61
357 3107 437 3172 1111.
472 3107 532 3171 ΙΧ.
564 3129 596 3192 p.
628 3109 690 3171 112
718 3127 750 3171 6.
783 3108 823 3171 12
851 3106 1059 3174 emendatius
1087 3108 1293 3194 provulgat»,
1324 3109 1385 3174 ubi

164 3211 246 3280 haas
267 3211 425 3300 legimus:
454 3211 631 3298 ἱερατεὺσας
655 3216 730 3278 θεοῦ
755 3209 955 3287 ’Λπόλλωνος
979 3213 1100 3280 Πυθίου
1119 3217 1173 3282 καὶ
1197 3214 1384 3300 ἀρχιεροθο-

164 3323 261 3404 tuear
295 3323 348 3384 καὶ
383 3317 588 3406 saporatae
629 3321 683 3383 καὶ
722 3326 901 3406 popuplus<
944 3324 1005 3386 καὶ,
1032 3319 1195 3393 ἐπιστάτας
1228 3326 1387 3407 γενόμενος

164 3421 302 3494 Λινδίων.
726 3446 730 3452 ·
954 3478 956 3481 ,

253 3529 380 3596 Deinde
418 3537 531 3600 autem
567 3531 604 3610 in
642 3529 770 3596 decreto
807 3532 891 3598 Hell.
928 3553 961 3616 p,
1002 3533 1064 3597 115
1098 3554 1132 3601 6.
1171 3533 1213 3597 47
1249 3532 1384 3600 Wachs-

165 3635 334 3704 muthium
350 3659 412 3704 suo
434 3639 505 3704 iure
527 3643 573 3703 cot
596 3635 760 3722 ἐπιστάται]
785 3640 831 3703 τοὶ
846 3637 895 3701 ἀεὶ
911 3636 941 3702 ἐν
965 3638 1050 3725 ἀρχᾷ
1065 3637 1165 3712 ἐόντες
1181 3639 1384 3725 supplevisse

164 3762 224 3828 pro
240 3740 326 3844 certo
349 3744 456 3811 habeo
478 3744 531 3831 (cf.
557 3743 872 3810 commentationem
895 3764 1005 3809 meam
1026 3744 1063 3808 in
1081 3765 1196 3811 museo
1219 3745 1383 3812 Rhenano

197 4005 199 4013 .
253 3933 405 4041 Denique
427 3957 633 4042 monendum
658 3963 708 4022 est
739 3956 775 4022 16
797 3955 1012 4042 inscriptione
1034 3957 1110 4024 Rev.
1134 3960 1221 4024 uret.
1248 3960 1380 4029 18671.

163 4081 194 4146 p.
221 4062 285 4128 218
309 4082 341 4126 n.
368 4063 409 4127 61
428 4063 644 4128 Fouoartium
668 4061 871 4148 supplevisse
895 4061 1031 4146 αἱρεθεὶς
1054 4061 1228 4148 interlita<
1250 4060 1308 4128 ὖπὸ
1330 4075 1381 4130 τοῦ

165 4168 272 4254 tapes.
331 4167 397 4234 Sed
434 4191 512 4236 cum
549 4169 762 4248 Lindiorum‚
797 4162 1053 4249 limirensium,
1092 4169 1291 4255 Ialysiorum
1326 4193 1381 4258 po·

136 4272 139 4277 ’
163 4273 282 4358 pulum
304 4275 339 4340 in
363 4275 467 4342 titulis
497 4297 676 4362 nunquam
703 4277 798 4362 δᾶμον
828 4275 987 4361 appellari
1008 4274 1199 4356 viderimus,
1223 4276 1312 4342 illius
1334 4278 1380 4342 in-

164 4380 348 4466 scriptionis
370 4383 473 4450 verba
488 4380 545 4448 aaa
560 4394 612 4448 τοῦ
637 4385 736 4469 topos
758 4380 802 4447 ad
820 4381 1029 4446 Rhodiorum
1044 4381 1207 4468 populum
1222 4382 1380 4468 respicere

162 4489 388 4555 necessarium,
406 4488 489 4554 mihi
512 4488 651 4568 videtur,
676 4494 715 4554 ut
735 4509 795 4574 pro
818 4487 957 4572 epistata
979 4487 1099 4573 aliquis
1121 4488 1222 4553 totius
1240 4487 1380 4554 civitatis
