3300 5142
662 429 708 460 -,
751 393 792 458 39
839 429 883 436 ——

163 592 334 657 cohaerere
355 589 595 675 intellegamus.
633 588 726 667 Quae
740 607 817 652 eum
833 588 880 653 ita
898 587 973 666 sint,
990 587 1026 652 in
1048 586 1205 674 promptu
1228 594 1277 654 est
1299 589 1382 673 eogi-

163 705 240 776 tare,
254 697 351 782 quale
368 695 457 782 apud
469 694 689 760 Athenienses
704 693 978 778 Areopagitarum
994 699 1064 758 erat
1080 694 1265 773 consilium,
1281 695 1379 760 talem

163 803 274 870 Rhodi
297 823 430 888 quoque
452 801 644 866 institutum
667 801 769 866 trisse
792 799 1033 885 magistratum,
1058 800 1149 886 apud
1171 821 1270 888 quem
1295 822 1382 866 sum·

162 932 258 975 mum
281 931 392 976 rerum
415 927 582 974 sacrarum
605 907 752 993 regimen
775 912 808 971 et
829 905 1032 991 praesidium
1055 914 1148 972 esset.

150 1060 153 1064 -
251 1016 403 1100 Denique
425 1013 570 1080 hiscum
594 1011 698 1077 titulis
723 1002 925 1077 conectendas
941 1017 990 1076 est
1011 1011 1189 1099 Carpathia
1203 1013 1381 1100 inscriptio,
1408 1050 1414 1063 ι

163 1142 249 1206 quae
280 1123 306 1187 θ.
341 1124 369 1188 lt,
399 1120 491 1201 VIII.
524 1141 555 1206 p.
587 1119 653 1184 354
680 1118 767 1184 foras
791 1125 841 1184 est
863 1118 955 1183 data:
980 1115 1064 1192 ὅπως
1087 1117 1136 1186 οὖν
1160 1124 1215 1185 καὶ
1237 1120 1257 1185 ἁ
1280 1127 1384 1186 νιτοίνα

165 1228 185 1294 ά
205 1219 392 1293 Ποτιδαιέων
417 1233 574 1313 μαίνηται.
587 1276 593 1289 .
608 1276 614 1289 .
628 1235 756 1310 τιμοῦσα
778 1228 849 1296 τοὺς
873 1224 977 1298 ἀξίους
1000 1237 1057 1291 τῶν
1081 1225 1196 1311 ἀνδρῶν
1212 1229 1385 1316 ...δεδόχ·

165 1339 221 1400 θαι
252 1347 294 1419 τοζι·
322 1339 426 1420 κτοίνογ
460 1332 614 1398 ἐπαινέσαι
646 1337 699 1396 καὶ
732 1343 994 1418 στεφανῶσαι...
1013 1330 1211 1419 Παμριλίδαν
1245 1329 1384 1418 Ἱέρωνος

165 1439 459 1525 Καρπαθιοτολίταν
473 1490 479 1503 .
494 1489 500 1502 .
518 1488 524 1503 .
541 1461 549 1502 ’.
566 1435 650 1525 ὁμῶς
682 1440 792 1502 δὲκαὶ
824 1441 934 1502 οτᾱλαι
965 1436 1177 1523 ἀγορασθωντι
1209 1441 1261 1504 δυο
1293 1443 1385 1505 λίθου

165 1547 316 1632 Λαρτίου.
330 1596 336 1609 .
349 1595 356 1609 .
369 1550 422 1613 καί
450 1545 636 1610 άνατεθῶνιι
659 1547 712 1630 μία
736 1547 790 1630 μὲν
813 1540 852 1628 ἐμ
870 1542 1029 1629 Πορθμῷ.
1043 1593 1049 1607 .
1063 1593 1070 1606 .
1084 1550 1156 1629 ,μία
1180 1546 1214 1608 δὲ
1238 1543 1269 1610 ἐν
1292 1543 1385 1609 Ποτι·

165 1655 258 1738 δαίῳ.
272 1655 387 1718 ..δότω
404 1649 419 1714 ὁ
435 1657 547 1737 ταμίας
562 1654 595 1714 τὸ
607 1655 763 1734 γενόμενον
779 1651 911 1734 τέλεσμα
927 1649 972 1722 εἴς
988 1673 1020 1714 τε
1037 1653 1085 1714 τὸν
1100 1657 1245 1738 στέφανον
1262 1656 1386 1722 καὶτὰς

166 1762 295 1832 στάλας
319 1757 448 1824 ἑλέσθαι
471 1760 505 1822 δὲ
521 1762 574 1838 καί
590 1756 702 1842 ἄνδρα·
726 1755 743 1821 ὁ
767 1757 800 1820 δέ
824 1755 961 1841 αἱρεθείς
984 1761 1169 1843 ποιησάσθω
1192 1763 1245 1822 τὰν
1269 1757 1387 1844 αἴτησιν

165 1875 217 1930 τοῦ
242 1871 389 1952 στεφάνου
413 1868 467 1928 καί
490 1865 635 1928 ἀνάθεσιν
658 1875 710 1927 τάν
734 1866 847 1929 σταλᾶν
867 1861 897 1926 έν
913 1876 953 1948 τῷ
971 1866 1117 1950 συμπαντι
1133 1865 1230 1950 δάμῳ.
1264 1863 1386 1949 Αἱρέθη

167 1971 356 2068 Θεμιστόλας
383 1969 591 2055 Τελεοάνδρου
619 1968 925 2055 Καρταθιοπολίτας.
973 1970 1097 2035 Mirum
1127 1970 1217 2036 enim
1245 1969 1385 2049 videtur,

166 2077 256 2164 quod
287 2078 324 2142 in
357 2077 421 2142 hoc
453 2076 591 2155 decreto,
625 2095 833 2161 quamquam
865 2075 1072 2141 simillimum
1104 2083 1155 2141 est
1186 2075 1275 2141 illius
1307 2077 1384 2141 Rea.

166 2186 250 2250 urolt.
288 2185 371 2249 1863
403 2184 445 2249 H.
479 2204 510 2269 p.
546 2184 610 2247 471
640 2183 875 2266 (Dilleaberyer
905 2183 980 2266 Syll.
1013 2203 1047 2247 n.
1082 2180 1158 2270 331)
1188 2182 1384 2268 provulgati,

136 2299 144 2308 ”
167 2299 239 2376 post
267 2291 368 2357 verba
397 2291 549 2376 δεδόχθαι
577 2301 614 2373 τᾷ
644 2295 747 2374 νιτοίνη
774 2309 843 2353 non
866 2289 986 2374 legitur
1008 2292 1202 2373 κυρωθέντος
1224 2291 1311 2353 τοῦδε
1334 2299 1385 2354 τοῦ

168 2402 371 2484 ψαρίσματος.
418 2395 546 2462 Verum
577 2416 647 2461 non
679 2385 800 2460 desunt
830 2395 989 2474 rationeS,
1023 2395 1146 2479 quibus
1178 2416 1217 2461 ea
1248 2394 1387 2460 offensio

169 2509 277 2590 potest
292 2504 456 2589 explicari.
495 2502 691 2568 Proximum
707 2503 749 2567 sit
763 2508 916 2580 statuere,
941 2521 1008 2587 quo
1023 2508 1171 2587 tempore
1186 2501 1250 2568 hoo
1266 2502 1386 2566 snitum

167 2611 267 2691 fieret,
292 2631 330 2676 eo
350 2610 451 2682 fuisse
474 2609 705 2694 magistratum
727 2607 833 2688 illum,
858 2629 961 2694 aquo
984 2610 1116 2693 αι’)ρωσις
1138 2598 1304 2694 penderet,
1329 2614 1389 2672 aut

167 2716 265 2801 plane
287 2715 449 2782 abolitum
478 2724 537 2781 aut
569 2716 615 2781 sio
637 2715 872 2793 imminutum,
906 2722 945 2780 ut
976 2713 1113 2779 decretis
1137 2714 1388 2780 confirmatione
1426 2735 1429 2741 ¹

169 2823 238 2887 eius
261 2843 330 2886 non
353 2828 437 2888 esset
460 2843 552 2908 opus.
593 2819 659 2886 Sed
681 2822 781 2886 etiam
799 2820 903 2886 altera
917 2810 1105 2906 explanatio
1121 2820 1255 2905 eogitari
1269 2826 1387 2905 potest.

168 2929 209 2994 ln
232 2929 512 3013 comparationem
535 2928 626 2993 enim
648 2926 836 2994 vocandam
858 2947 929 2992 esse
951 2946 1069 2991 censeo
1092 2926 1270 2992 formulam
1294 2926 1386 2991 illam

168 3035 205 3100 in
220 3025 463 3119 Mylasensibus
486 3033 590 3098 titulis
614 3034 744 3118 saepius
759 3031 946 3098 adhibitam
962 3032 1048 3105 ἔδοξε
1064 3027 1257 3097 Μυλασεῦσιν
1278 3031 1389 3118 ἐκκλη

170 3147 239 3228 σίης
262 3146 370 3228 κυρίης
392 3144 556 3227 γενομένης
579 3142 632 3204 νιαὶ
656 3137 850 3224 ἐπεαθρωσαν
869 3137 900 3202 αἱ
915 3148 995 3222 τρεῖς
1012 3141 1105 3227 φυλαὶ
1119 3139 1168 3219 (C.
1186 3139 1215 3204 I.
1233 3140 1272 3204 G.
1291 3140 1388 3216 2691,

169 3251 214 3314 Le
241 3250 310 3314 Bos
340 3270 405 3332 aoy.
436 3248 521 3312 arel.
545 3246 588 3312 Π.
614 3247 634 3310 3
658 3267 691 3310 υ.
716 3247 914 3326 aaa-2379).
958 3244 1033 3321 Quo
1057 3243 1098 3309 de
1119 3265 1186 3310 usu
1202 3241 1390 3330 'Wadding-
1476 3237 1480 3247 '

76 3345 79 3354 ’
168 3355 280 3421 tonius
303 3352 344 3440 (p.
373 3351 447 3440 111)
469 3353 552 3418 haee
580 3359 836 3418 commentatur:
870 3350 911 3416 ‹il
934 3373 957 3438 y
983 3352 1073 3418 avait
1093 3349 1391 3436 probablementa

169 3462 299 3548 Mylasa
321 3447 410 3526 deux
424 3459 631 3539 assemblees‚
656 3451 745 3524 lune
767 3458 928 3544 generale,
954 3460 1126 3545 eomposee
1144 3456 1185 3521 de
1201 3455 1392 3522 l’ensemble

170 3566 226 3632 des
250 3568 411 3652 oitoyens‚
436 3565 552 3631 l’autre
574 3564 649 3651 plus
673 3565 852 3642 restrainte,
877 3569 921 3629 ou
944 3565 1102 3629 n’e‘taient
1124 3563 1232 3628 admis
1255 3584 1321 3649 que
1342 3563 1391 3628 les

170 3661 333 3738 membres
359 3672 416 3738 des
441 3672 519 3736 trois
542 3671 662 3751 tribue,
687 3671 747 3757 qui
769 3671 903 3737 avaient
933 3670 1037 3736 forme
1060 3670 1091 3735 le
1113 3669 1256 3755 premier
1278 3675 1391 3754 noyau

170 3779 213 3856 de
243 3779 275 3844 la
304 3779 512 3865 population,
546 3783 579 3843 et
610 3779 669 3864 qui
692 3777 927 3843 eonstituaient
949 3797 1017 3841 une
1039 3783 1125 3842 sorte
1148 3776 1389 3841 d’aristocratie.

169 3887 263 3952 Nous
286 3905 388 3952 avous
412 3907 457 3953 vu
473 3885 526 3971 qu‘
545 3889 565 3949 a
581 3883 718 3970 Olymos
733 3884 757 3949 il
779 3885 904 3969 yavait
926 3883 1111 3969 egolement
1128 3883 1207 3948 trois
1225 3881 1332 3947 tribus
1347 3903 1392 3947 ou

170 3992 262 4058 olaus
287 3989 488 4078 (συγγένειαι),
513 3990 596 4057 dont
618 3991 770 4056 faisaient
795 3991 900 4076 partie
928 3990 974 4055 les
988 3979 1155 4055 membres
1171 3988 1213 4054 de
1232 3989 1390 4054 certaines

170 4098 312 4164 familles
328 4099 510 4164 seulement
534 4100 579 4181 (n.
597 4096 674 4183 339)
687 4103 721 4164 et
735 4096 795 4182 qui
809 4095 942 4163 avaient
957 4095 1015 4160 des
1031 4094 1230 4160 ceremonias
1245 4095 1393 4180 religieu-

171 4229 222 4274 ses
244 4205 482 4291 particulieres;
506 4204 529 4269 il
552 4225 595 4269 en
618 4203 697 4269 etait
720 4203 761 4267 de
783 4206 928 4267 memet
950 4200 1097 4287 Mylasa.
1111 4253 1138 4266 ..
1159 4200 1251 4266 (lette
1266 4201 1391 4286 organi-

171 4317 279 4381 sation
294 4312 547 4400 probablement
562 4311 627 4376 fort
640 4311 801 4376 ancienne
817 4313 838 4373 a
852 4308 997 4394 Mylasa,
1022 4307 1061 4374 fit
1082 4308 1175 4394 place
1190 4307 1266 4394 plus
1282 4306 1355 4372 tard
1372 4310 1392 4369 a

172 4422 206 4487 la
227 4419 349 4487 double
372 4417 553 4484 assemblee
575 4417 622 4482 du
645 4420 740 4482 senat
762 4422 795 4480 et
817 4415 864 4480 du
886 4407 1022 4500 peupless
1037 4466 1043 4478 .
1057 4437 1078 4491 .;
1102 4413 1133 4478 le
1163 4415 1259 4478 senat
1285 4411 1397 4477 electis
1416 4469 1421 4481 .

172 4525 291 4615 (βουλή)
306 4525 505 4612 remplissait
520 4525 566 4591 les
582 4525 746 4590 fonctions
761 4524 941 4589 attribuees
957 4522 1114 4588 autrefois
1129 4542 1197 4587 aux
1214 4520 1292 4586 trois
1307 4521 1393 4584 anei·
