3300 5142
513 354 866 420 >-55—-

147 560 255 647 posita
278 577 347 623 esse
370 555 498 632 docent,
524 549 656 617 sedvel
680 571 720 614 ex
744 545 972 634 compluribus
989 537 1201 609 huius'utuli
1217 541 1377 608 versibus.

146 661 477 749 minimelapicidam
492 658 521 724 ei
536 655 751 724 concinnitati
766 653 940 718 inservisse
962 655 1105 736 apparet.
1139 647 1266 713 Verum
1289 653 1366 712 utut
1481 678 1484 683 ·

146 791 262 856 cares
295 767 469 844 sehabet,
499 762 580 829 illud
609 761 816 848 exploratum
843 765 905 838 est,
933 762 1116 843 praetorem
1141 753 1238 818 illum
1265 754 1366 818 fuisse

147 875 381 941 Camirensem.
601 861 602 868 '
990 923 992 927 ,
1175 948 1178 955 ¹

236 982 381 1047 Tertiam
409 977 551 1061 deniquo
578 995 682 1062 quam
708 971 920 1038 laudavimus
951 968 1199 1054 inscriptionem
1226 967 1261 1030 in
1291 965 1365 1031 Gar-

145 1090 249 1174 patho
263 1086 374 1152 insula
387 1085 559 1150 inventam
573 1088 641 1148 eta
654 1072 884 1144 Beaudbuinio
899 1079 926 1142 b.
950 1079 980 1142 t.
996 1075 1089 1154 VIII,
1105 1097 1137 1160 p.
1155 1074 1219 1140 358
1243 1072 1365 1138 editam
1402 1043 1428 1157 l
1456 1158 1459 1171 Ι

145 1195 199 1262 vel
215 1193 403 1282 wgraviorem
428 1181 722 1276 speciosioremque
745 1205 815 1250 esse
838 1184 985 1249 arbitror.
1021 1181 1093 1260 Oui,
1118 1201 1194 1245 cum
1207 1177 1365 1244 'nondum
1521 1166 1523 1176 ⁴

145 1301 230 1366 lecta
260 1305 361 1384 atque
392 1295 554 1382 explicata
587 1277 642 1372 sit,
668 1291 771 1378 paulo
791 1290 988 1376 diligentius
1019 1285 1275 1374 perscrutandae
1307 1284 1365 1348 im-

147 1407 359 1472 morabimur.
1166 1390 1168 1395 ’
1374 1417 1376 1423 ·

409 1537 843 1608 ΝΚΑΙΘΡΑΣΙ.ΑΜ

465 1642 828 1712 ΘΥΟΘΕΣΙΑΝΔ

464 1749 868 1819 ΡΑΤΑΓΗΣΑΣ-ΕΙ

467 1854 953 1926 ΑΠΟΛΕΜΟΝΕΚΠΑ

463 1961 893 2032 ΙΑΕΙΣΚΑΙΤΑΝΤ

467 2067 930 2138 ΑΙΤΑ.ΡΟΥΡΙΑΑΠ

465 2170 1047 2245 ΑΝΤΑΔΙΑΦΥΑΑΞΑΣΤ

411 2275 1122 2352 ΚΑΙΑΝΑΚΤΗΣΑΜΕΝΟΣΤΑ

413 2371 1013 2458 ΠΙΣΥ.Τ..ΧΩΡΑ.ΚΑΙΤΑ

465 2494 1213 2567 ΥΜΙΑΝΚΑΙΤΑΝΚΥ.ΧΑΝΔΙΑ

348 2600 1069 2670 ἸΤΑΕΝΑΥΤΑΙΣΦΡΟΥΡΙΑ
1170 2624 1176 2641 ’

362 2703 363 2710 ¹
464 2707 996 2776 ΤΕΙΔΑΝΙΠΟΡΘΜΙΩΙ
1201 2753 1209 2762 ,

188 2921 190 2931 ·
236 2898 346 2975 Quam
366 2895 617 2963 Beaudouinius
640 2895 724 2960 bene
746 2894 913 2981 perspexit
933 2895 969 2961 in
991 2897 1185 2965 universum
1208 2921 1303 2986 agere
1326 2900 1367 2966 de

148 3011 304 3090 praetore,
328 3005 387 3090 qui
414 3003 501 3069 bello
524 3009 634 3068 coorto
657 3001 829 3088 complura
851 3002 985 3068 castella
1013 3010 1164 3071 tenuerat
1186 3012 1219 3071 et
1240 3027 1368 3073 novum

148 3110 274 3196 aliquid
288 3115 544 3196 recuperaverat.
580 3109 653 3173 Iam
667 3108 697 3178 si
706 3107 763 3173 illa
777 3107 879 3174 verba
893 3111 1078 3175 accuratius
1094 3111 1367 3198 contemplamur,

149 3219 260 3283 statim
284 3237 361 3282 eum
383 3216 658 3406 mquffi[}dpar
681 3233 889 3302 expugnasse
911 3215 1025 3283 elucet.
1059 3218 1178 3303 ltaque
1201 3240 1279 3284 cum
1295 3219 1369 3283 ἀνα-

149 3383 338 3464 κτησάμενος
365 3397 443 3442 cum
466 3425 609 3492 Imm
621 3476 629 3490 ·
643 3425 798 3512 XQPMN
817 3375 1089 3464 coniungendam
1116 3338 1180 3459 siti¹
1196 3353 1369 3444 in'litteris

150 3534 318 3601 illm..
342 3536 482 3605 alicuius
505 3534 631 3621 populi'
645 3534 900 3620 appellationem
927 3535 1027 3617 latere
1054 3538 1215 3622 sequitur.¹
1259 3538 1368 3615 Quem

149 3643 385 3728 indagantibus
408 3641 505 3707 nobis
528 3639 569 3706 de
590 3641 731 3708 Pisuetis
754 3641 897 3725 cogitare
912 3642 1059 3709 maxime
1078 3645 1115 3709 in
1129 3649 1286 3731 promptu
1309 3651 1367 3724 est,

151 3769 233 3834 quos
255 3749 379 3816 incolas
403 3749 504 3814 fuisse
526 3747 618 3812 urbis
640 3747 676 3812 in
699 3746 813 3813 Cariae
836 3747 917 3813 sitae
940 3769 960 3812 a
982 3749 1133 3834 pluribus
1155 3751 1369 3838 scriptoribus

151 3855 325 3922 edocemur
347 3851 399 3943 (cf.
424 3853 631 3940 Stephanum
647 3843 724 3937 Byz.
750 3874 774 3918 e.
799 3875 830 3918 v.
848 3851 962 3940 Πισὺη·
986 3859 1074 3928 πόλις
1092 3855 1226 3942 Καρίας.
1250 3861 1369 3939 λέγεται

152 3966 205 4026 καὶ
220 3959 326 4046 Ilerda.
352 3964 384 4024 τὸ
409 3959 529 4025 &dicabo
553 3957 665 4045 ὁμοίως
681 3957 838 4046 Ηισυήιης
854 3966 887 4024 et
908 3980 933 4024 e.
950 3982 980 4026 v.
999 3961 1109 4048 Πιτὺη·
1133 3967 1221 4036 πόλις
1236 3962 1367 4047 Καρίας.

152 4065 178 4132 ol
199 4070 322 4132 πολῖται
344 4065 498 4132 Πιτυᾶται.
523 4063 668 4132 Καπίτων
692 4067 725 4129 δὲ
748 4068 798 4130 διὰ
821 4076 872 4131 τοῦ
897 4064 1022 4154 ἇαύτὴν
1045 4071 1137 4150 λέγει,
1153 4071 1223 4136 Isiu.
1249 4072 1300 4134 33.
1328 4073 1368 4135 18

151 4172 250 4258 (anno
276 4171 350 4259 197)
370 4172 505 4238 «iisdem
528 4171 645 4238 diebus
661 4172 774 4237 omnia
788 4173 888 4252 simul
902 4174 1084 4241 inclinante
1099 4175 1233 4241 fortuna
1248 4176 1371 4241 Rhodii

152 4301 283 4366 quoque
294 4279 338 4346 ad
347 4277 584 4348 vindicandam
599 4299 620 4344 a
634 4278 787 4365 Philippo
803 4279 1003 4345 continentis
1017 4281 1186 4367 regionem
1200 4280 1369 4368 (Peraeam

153 4384 281 4474 vocant)
303 4404 488 4472 possessam
511 4406 531 4450 a
552 4384 733 4453 maioribus
749 4387 817 4451 suis
833 4386 1075 4452 Pausistratum
1093 4393 1276 4474 praetorem
1292 4409 1369 4453 cum

154 4493 348 4578 octingentis
371 4492 513 4558 Achaeis
535 4491 712 4578 peditibus,
731 4491 821 4557 mille
838 4498 871 4557 et
885 4493 1061 4578 nongentis
1084 4493 1150 4559 fere
1165 4493 1308 4572 armatis,
1329 4515 1371 4558 ex
