3300 5142
667 397 888 462 ..29-

171 589 319 664 εὔξαοθαι
351 594 405 677 μὲν
436 593 507 662 τοὺς
541 585 634 675 ἱερεῖς
664 593 718 654 καὶ
751 592 821 663 τοὺς
851 587 1016 674 ἱεροθύπας
1044 601 1087 676 τῷ
1120 587 1219 676 ‘stip
1249 593 1386 655 ·ναὶ....

171 697 329 763 ἐπιτελὲων
353 698 386 760 δὲ
410 707 463 762 τᾶν
487 693 580 782 εὒχᾶν
602 707 762 783 γενομενᾶν
785 700 896 762 θυσίαν
918 699 972 761 παὶ
989 696 1127 761 πόθοδον
1142 699 1332 784 ποιήσασθαι
1355 703 1390 762 et

169 799 1388 889 111111101π1ποο1οο0111νεοο(1.1ι.7Π.ρ.481ο4)...ὅ]τεὶερεὺς
1442 859 1448 879 ,

170 913 223 975 aot
246 913 292 974 τοὶ
314 907 458 993 ἱεροποιοὶ
481 911 654 974 οοντελῶντι
677 913 732 981 τὰς
756 912 869 983 θοοὶας
891 913 973 974 πατὰ
993 913 1048 974 πὰν
1071 907 1153 993 ἱερὰν
1177 909 1355 996 διαγραφάν.

258 1015 311 1080 Ex
330 1013 464 1100 reliquis
488 1013 536 1080 ἐπὶ
558 1019 596 1080 τὰ
619 1020 706 1081 ποινὰ
725 1016 949 1102 ταοοομένοις
940 1037 976 1080 m
1002 1015 1273 1102 inscriptionibus
1295 1015 1385 1083 solus
1416 1015 1571 1091 ἱεροπαμίαι.

171 1119 348 1207 ἱεροταμίας
371 1127 655 1188 commemoratur.
696 1120 804 1199 Quem
826 1122 988 1187 honorem
1011 1119 1091 1187 satis
1109 1122 1271 1187 illustrem
1286 1121 1388 1186 fuisse
1461 1109 1463 1117 ’

171 1249 213 1294 ex
234 1225 339 1294 titulis
362 1229 453 1308 Ross,
477 1228 575 1292 Arcb.
599 1229 694 1310 Aufr.
723 1227 764 1292 H.
800 1249 832 1314 p.
857 1228 923 1293 605
954 1249 987 1292 n.
1025 1230 1063 1293 17
1096 1225 1387 1314 (ἱεροταμιεὺοαντος

171 1337 224 1399 καὶ
251 1331 506 1420 ἱεροθοπήοαντος
533 1337 586 1399 καὶ
613 1333 855 1422 χοραγήοαντος)
878 1340 911 1399 et
936 1335 1027 1414 Rosa
1051 1335 1134 1400 Heu.
1157 1356 1189 1420 p.
1215 1336 1257 1400 99
1288 1355 1320 1400 v.
1348 1335 1387 1398 16

169 1437 375 1526 (Ἑρμαγόραν
410 1437 583 1506 Φαινίππου
615 1438 777 1504 Κλάοιον.
800 1489 807 1504 .
829 1489 837 1504 .
858 1437 1155 1526 .·1εροταμιεί>σαντα
1178 1439 1308 1506 Λινδίων
1331 1441 1389 1525 δίς]

169 1545 331 1611 videmus
367 1545 499 1612 Nomen
522 1552 632 1610 autem
652 1545 753 1612 huius
776 1547 959 1632 quaestoris
980 1547 1059 1612 inde
1082 1546 1273 1633 explicatur,
1297 1546 1390 1633 quod

170 1673 211 1716 ex
232 1648 342 1718 verbis
364 1651 452 1716 tituli
467 1653 527 1717 Br.
544 1647 649 1718 Mass,
673 1653 787 1718 11357
812 1657 847 1718 τὸ
871 1653 904 1716 δὲ
916 1651 1072 1738 ,ἀνάλωμα
1087 1655 1120 1718 τὸ
1146 1653 1179 1725 ἐς
1199 1659 1252 1719 τὰν
1275 1655 1388 1721 στάλαν

169 1760 223 1822 καὶ
255 1762 308 1824 τὰν
340 1757 518 1842 ἀναγραφὰν
550 1755 687 1842 dispelle
719 1770 775 1832 τᾶς
808 1755 954 1831 Ἀθάνας
987 1762 1139 1826 celandae
1165 1759 1388 1846 intellegimus

170 1862 366 1929 Lindiorum
388 1864 550 1930 aerarium
577 1863 613 1930 in
637 1864 788 1930 Athenae
810 1865 935 1952 templo
957 1866 1059 1931 luisse
1080 1873 1114 1931 et
1135 1864 1178 1931 ab
1194 1853 1389 1932 hierotamia

168 1970 216 2034 ita
238 1989 309 2035 esse
323 1967 601 2050 administratum,
625 1977 664 2036 ut
677 1989 779 2056 penes
794 1971 964 2039 flaminem
979 1971 1132 2038 Athenae
1154 1993 1288 2038 summa
1305 1977 1389 2038 esset

169 2075 289 2162 agendi
309 2083 463 2162 potestas.
529 2135 532 2150 ,

257 2182 379 2248 Utrum
400 2188 513 2248 autern
536 2180 693 2269 ἁγεμόνες,
716 2183 824 2267 quiin
847 2183 967 2250 Lindio
982 2183 1079 2250 titulo
1101 2186 1128 2249 b.
1152 2186 1182 2251 la.
1198 2183 1258 2249 IX.
1274 2202 1306 2269 p.
1326 2185 1387 2250 107

169 2311 199 2353 v.
227 2277 274 2356 15
291 2294 602 2367 commemorantur,
626 2287 738 2354 Lindii
760 2290 947 2356 communis
966 2291 1199 2376 magistratum
1212 2288 1387 2370 effecerint,

169 2415 224 2480 an,
248 2401 287 2460 ut
308 2396 344 2460 in
360 2395 457 2462 titulo
473 2397 570 2461 Arcb.
590 2397 685 2478 Ausa
701 2395 744 2462 Π.
768 2417 799 2482 p.
814 2399 879 2464 599
895 2396 1050 2463 ἐπιστάται
1064 2401 1109 2462 τοὶ
1123 2400 1316 2484 πεμφθέντες
1331 2393 1388 2462 ὑπὸ

170 2511 220 2565 τοῦ
246 2502 353 2588 δάμοο,
377 2501 419 2568 ad
443 2501 649 2567 Rhodiorum
673 2503 913 2588 rempublicam
935 2503 1163 2590 pertinuerint,
1187 2502 1288 2569 adid
1310 2510 1389 2569 tem·

169 2607 258 2693 poris
280 2607 338 2675 vix
359 2629 419 2694 pro
442 2615 529 2673 certo
553 2606 721 2674 diiudices.

259 2714 496 2800 Quascumque
516 2715 619 2801 igitur
633 2714 829 2780 Lindiorum
853 2713 1134 2781 consideravimus
1147 2713 1387 2802 inscriptiones,

170 2821 216 2886 eis
239 2821 281 2885 ad
306 2841 410 2886 unam
433 2821 589 2890 omnibus
613 2816 726 2886 o'nmia
740 2819 936 2886 Lindiorum
959 2819 1094 2906 publica
1110 2819 1263 2886 instituta
1276 2820 1389 2907 ipsum

171 2926 280 2993 solum
303 2948 480 2993 commune
502 2928 715 3012 maximeque
736 2949 787 2993 res
810 2947 920 2993 sacras
942 2929 1102 3012 attingere
1130 2926 1229 3012 plane
1256 2947 1295 2993 ac
1320 2948 1389 3014 per·

171 3033 284 3120 spicue
306 3033 499 3102 ostenditur.

259 3139 353 3218 Quae
376 3137 512 3224 quidem
535 3138 576 3204 de
598 3137 793 3204 Lindiorum
817 3138 957 3207 civitate.
1141 3151 1144 3157 '

673 3475 804 3579 Caput
830 3464 884 3555 Π.

335 3635 338 3646 .
630 3628 634 3651 ,

259 3682 331 3746 Iam
343 3686 521 3766 postquam
529 3680 736 3766 singulorum
752 3685 901 3747 veterum
914 3679 1044 3746 insulae
1059 3678 1257 3766 oppidorum
1266 3680 1389 3748 formas

172 3789 273 3870 atque
303 3785 527 3871 respublicas
557 3787 728 3869 illustravi,
762 3789 932 3854 neminem
955 3807 1026 3853 esse
1056 3793 1148 3873 puto,
1181 3787 1264 3872 quin
1286 3787 1388 3854 trium

170 3891 303 3958 illorum
327 3893 557 3958 communium
581 3893 809 3960 condicionem
830 3900 902 3959 tam
925 3893 1067 3959 similem
1090 3894 1193 3960 luisse
1219 3893 1387 3974 concedat,
1498 3908 1502 3912 ·

171 4005 218 4079 ut,
236 3999 265 4064 si
280 4019 349 4064 non
364 4005 486 4065 temere
501 3999 628 4066 adrem
646 4002 845 4080 accedimus,
862 4020 948 4085 quae
971 3999 1013 4065 de
1027 4001 1129 4066 unius
1144 4000 1276 4067 illorum
1289 4000 1389 4066 rebus
1474 4013 1480 4024 ·

169 4105 344 4192 publicis
334 4127 371 4170 rn
392 4105 587 4174 universum
610 4107 822 4188 edoceamur,
852 4127 891 4171 ea
918 4107 1017 4171 etiam
1045 4106 1088 4171 ad
1115 4107 1351 4193 reliquorum
1340 4129 1388 4173 1n-

172 4213 287 4278 stituta
309 4211 542 4278 adumbranda
563 4213 682 4280 referre
696 4214 871 4300 possimus.
905 4213 1035 4291 Quibus
1052 4214 1183 4279 statutis
1198 4215 1388 4281 universam

170 4317 257 4384 illiu's
281 4318 484 4385 condicionis
507 4321 688 4406 exprimere
710 4321 889 4406 imaginem
926 4319 1130 4401 conabimur,
1165 4291 1499 4406 disputatione‘2)‘¹,nael
1458 4317 1584 4359 1111111111
1549 4327 1599 4365 1111

1406 4369 1415 4406 t
1416 4376 1505 4409 nrmo
1491 4370 1587 4420 oppldo

170 4424 217 4489 ita
237 4426 398 4508 instituta,
423 4433 462 4492 ut
484 4427 584 4493 simul
606 4447 692 4514 quae
714 4447 792 4493 oum
814 4427 921 4513 capite
942 4427 1161 4552 intercesserit
1180 4427 1264 4492 ratio
1285 4428 1422 4492 attan-¹¹¹
1402 4421 1595 4532 ᾶ1ωο11ᾳ111θξζ111ζ

172 4529 298 4599 damus.
1369 4528 1477 4626 rpipee
1475 4536 1600 4632 &poppis
