3300 5142
672 395 933 459 *rs-s

173 594 371 676 gumentum
385 588 524 654 minime
546 594 674 654 certum
695 609 766 654 esse
785 587 1020 654 contenderim.
1056 586 1145 652 Nam
1167 591 1206 652 ut
1226 586 1262 651 in
1284 585 1390 670 priore

173 696 268 762 titulo
290 694 391 761 verba
414 692 445 758 ἐν
468 705 506 778 τᾷ
529 699 634 778 aratra
656 693 699 760 ad
723 689 885 779 ‘Periclitor
907 700 1054 780 spectare
1075 715 1146 758 non
1172 713 1306 778 prorsus
1336 714 1390 758 ne·

173 802 351 868 cessarium
362 807 420 880 est,
437 801 484 869 111
495 799 590 867 facile
601 799 671 866 fieri
686 805 850 886 potest-
863 799 899 865 id
914 799 1006 886 quod
1021 820 1079 886 per
1093 820 1129 866 se
1148 798 1275 884 aliquid
1290 797 1391 864 habet

171 907 412 995 probabilitatis
437 943 487 985 -,
512 910 551 995 ut
572 905 701 972 ctoinae
716 905 885 972 interdum
901 905 1017 972 eadem
1032 905 1170 971 nomina
1192 912 1293 990 atque
1314 905 1392 990 pagi

172 1013 359 1080 habuerint.
410 1014 519 1078 Immo
551 1011 716 1099 permulta
747 1032 853 1098 eaque
878 1012 1074 1098 gravissima
1100 1018 1181 1077 sunt
1209 1017 1389 1089 momenta,

173 1141 259 1207 quae
280 1120 329 1186 1111
351 1119 533 1186 sententiae
553 1118 716 1184 officiunt.
750 1117 839 1182 Nam
860 1117 937 1184 licet
950 1116 1136 1184 consentiat
1157 1138 1197 1182 ea
1218 1115 1392 1204 explicatio

175 1249 251 1294 cum
281 1227 385 1292 altera
415 1225 576 1311 Hesychii
607 1225 892 1310 interpretamenti
918 1230 1026 1311 parte,
1053 1230 1203 1290 attamen
1229 1223 1393 1310 discrepat

174 1355 251 1400 cum
265 1333 381 1420 priore.
414 1332 520 1418 Atqui
534 1333 587 1399 vel
601 1331 747 1398 maxime
761 1333 798 1397 in
812 1332 912 1398 rebus
926 1333 1028 1398 110111
1042 1331 1188 1398 colendis
1206 1332 1392 1400 ctoinarum

174 1439 324 1506 studium
346 1460 417 1504 esse
439 1443 608 1504 versatum
624 1459 702 1504 cum
725 1437 780 1504 alii
795 1438 885 1504 tituli
900 1444 975 1504 tum
998 1438 1057 1524 qui
1079 1439 1107 1504 d.
1131 1441 1161 1504 d.
1184 1437 1245 1518 IX,
1268 1459 1301 1523 p.
1329 1438 1392 1503 114

173 1545 281 1612 editus
305 1551 362 1624 est,
387 1544 576 1610 ostendunt.
887 1570 890 1575 ·

261 1651 337 1720 Alia
367 1651 464 1732 ratio,
498 1672 584 1736 quae
615 1651 651 1716 in
674 1650 814 1716 Gilberti
843 1651 1041 1718 sententiam
1064 1672 1126 1717 nos
1148 1651 1195 1716 ire
1217 1655 1320 1729 vetat,
1351 1671 1393 1715 ex

172 1758 269 1826 titulo
308 1760 335 1824 b.
375 1760 405 1824 h.
445 1757 537 1824 VIH.
575 1779 606 1844 p.
646 1758 711 1823 354
753 1755 852 1843 (infra
891 1754 1099 1843 transcripto)
1134 1757 1238 1844 repeti
1274 1763 1390 1843 potest.

175 1865 306 1930 Etenim
329 1865 357 1930 si
380 1865 401 1928 ἁ
424 1869 529 1930 κτοίνα
551 1863 772 1944 illaudatus
789 1864 926 1930 demum
941 1864 1148 1949 significaret
1173 1863 1393 1930 Themistclas

175 1991 244 2038 non
266 1971 574 2056 Καρπαθιοπυλίτας.
599 1971 657 2036 sed
680 1971 844 2038 demotico
866 1994 928 2038 suo
951 1972 1133 2046 Ποτιδαιεὺς
1156 1972 1391 2039 nominaretur.
1517 2001 1522 2010 ·

175 2075 261 2144 Nam
285 2099 363 2143 eum
391 2099 462 2144 non
488 2078 590 2144 fuisse
617 2078 718 2142 huius
741 2077 846 2163 ipsius
874 2079 1008 2144 ctoinae
1029 2078 1155 2144 socium
1178 2077 1237 2144 vix
1259 2077 1394 2164 cogitari

174 2191 290 2270 potest.
337 2185 487 2250 Tertium
520 2205 654 2270 quoque
676 2184 880 2270 proferemus
906 2191 1143 2271 argumentum
1166 2184 1306 2250 Gilberti
1328 2185 1393 2270 opi-

175 2291 268 2357 nioni
290 2290 440 2370 obstans
464 2291 523 2356 ubi
545 2290 750 2376 perlustratis
773 2291 982 2376 singularum
1010 2292 1146 2358 urbium
1171 2292 1331 2358 institutis
1358 2291 1395 2356 in

175 2399 369 2464 universum
401 2397 442 2462 de
473 2418 587 2462 earum
619 2398 726 2462 forma
757 2418 796 2464 10
827 2398 954 2463 ratione
985 2419 1063 2464 cum
1094 2399 1267 2464 communi
1289 2398 1394 2483 capite

177 2505 356 2571 constituta
389 2502 490 2569 verba
522 2503 691 2570 faciemus.
738 2503 826 2570 Tum
858 2505 971 2585 etiam,
1007 2505 1089 2591 quid
1115 2506 1180 2592 ipsi
1206 2505 1248 2571 de
1277 2504 1395 2571 ctoinis

177 2611 368 2690 sentiamus,
394 2631 607 2696 exponemus.

266 2717 380 2783 Certae
387 2715 560 2782 cuiusdam
571 2716 756 2801 gentiliciae
764 2717 1005 2783 distributionis
1013 2718 1253 2784 documentum
1261 2719 1397 2804 praebet
1426 2728 1452 2802 γ)
1471 2731 1575 2801 πάτρα.

179 2821 293 2894 titulus
309 2823 508 2889 Camirensis
524 2824 582 2888 Br.
600 2825 689 2890 Mas.
714 2847 747 2889 n.
765 2826 840 2902 352,
863 2826 900 2889 in
922 2846 990 2910 quo
1012 2825 1197 2910 complures
1220 2832 1332 2910 πάτρατ
1353 2825 1396 2890 ad
1423 2817 1426 2824 ’

181 2929 317 2994 maiores
349 2930 512 3014 quasdam
534 2931 654 2998 classes
684 2931 886 3017 pertinentes
908 2938 1155 2998 enumerantur.
1196 2933 1397 3018 Magnopere

180 3040 293 3100 autem
316 3041 365 3100 est
387 3035 581 3116 dolendum,
615 3036 706 3122 quod
737 3058 847 3122 neque
869 3059 1030 3104 numerus
1052 3060 1177 3118 earum,
1212 3059 1290 3104 cnm
1312 3038 1396 3123 lapis

178 3140 374 3226 permutilus
398 3142 448 3220 111,
473 3143 626 3228 cognosci
640 3149 748 3230 potest
771 3165 880 3229 neque
903 3144 1068 3224 classium,
1092 3146 1216 3231 quibus
1230 3144 1307 3210 illae
1322 3167 1396 3216 con·

179 3247 380 3328 tinebantur,
397 3249 572 3334 appellatio
588 3257 637 3316 est
653 3251 810 3336 apposita.
824 3251 1060 3337 Amplissimae
1072 3259 1184 3317 autern
1197 3249 1396 3316 discribendi

177 3353 312 3419 rationis
334 3353 495 3420 indicium
518 3355 555 3420 in
570 3356 734 3422 columnis
749 3377 796 3442 1,9
813 3362 847 3422 01
861 3357 910 3440 b11
928 3363 1043 3422 exstat.
1090 3357 1178 3423 Nam
1195 3357 1396 3428 vocabulum

179 3454 418 3547 Ἀλθατμενὶδος
439 3483 488 3546 a19
513 3483 581 3528 non
605 3462 766 3548 lapicidae
785 3485 891 3528 errore
914 3485 973 3549 pro
997 3461 1234 3550 Ἀλθαιμενίδαι
1256 3485 1326 3530 0110
1348 3464 1395 3529 in-

179 3565 297 3646 cisum,
329 3575 362 3632 et
384 3567 566 3633 maioribus
588 3569 772 3634 litterarum
795 3570 910 3636 formis
933 3577 965 3636 01
994 3571 1258 3658 praescriptionis
1290 3572 1396 3656 specie
1463 3553 1467 3563 i

93 3668 97 3673 ’
177 3674 344 3758 probatur.
403 3675 619 3761 Quamquam
656 3683 769 3742 autem
807 3677 1000 3742 Newtonius
1036 3699 1161 3742 nomen
1193 3675 1396 3763 Ἀλθαιμενίς

178 3779 221 3842 ab
247 3779 467 3846 Althaemene
497 3780 643 3868 quodam
672 3782 829 3862 Cretensi,
861 3785 915 3849 cni
938 3784 1105 3850 Diodorus
1126 3784 1158 3849 V
1181 3786 1224 3850 59
1246 3784 1395 3850 Rhodios

177 3883 395 3967 impertivisse
426 3887 574 3953 heroicos
597 3889 738 3955 honores
760 3897 882 3964 narrat,
913 3890 1098 3957 derivatum
1128 3912 1199 3957 esse
1220 3892 1394 3978 perspexit,

178 3995 391 4056 tamencum
423 3993 514 4059 locus
538 3995 698 4082 Stephani
720 3996 873 4083 Byzantii
895 3998 989 4084 fugit,
1022 3998 1081 4082 qni
1102 4019 1172 4063 non
1194 3999 1306 4063 minus
1329 3999 1396 4064 huc

178 4093 339 4180 pertinere
362 4097 447 4163 mihi
468 4101 607 4167 videtur.
640 4103 829 4190 Stephanus
853 4105 943 4170 enim
958 4104 1139 4189 Byzantius
1157 4127 1182 4171 s.
1199 4127 1230 4171 v.
1248 4104 1396 4192 Κρητινία

178 4199 261 4266 haec
283 4223 325 4266 ex
347 4202 548 4288 Apollodoro
571 4208 691 4273 hausta
713 4209 861 4296 praebet:
890 4216 982 4284 τόπος
1007 4208 1126 4287 Ῥόδου,
1146 4209 1176 4277 ἐν
1200 4212 1223 4298 ᾧ
1247 4213 1344 4296 ᾤκουν
1368 4212 1395 4278 οἱ

179 4312 246 4392 περὶ
265 4304 487 4398 Ἀλθαιμένην,
511 4313 546 4384 ὃς
568 4318 721 4400 χρησθεὶς
736 4313 789 4380 Ιὅτι
812 4321 862 4381 τὸν
884 4323 1000 4402 πατέρα
1024 4315 1193 4393 ἀποκτενεῖ,
1216 4319 1317 4406 ἔφυγε,
1343 4324 1396 4384 καὶ

181 4420 260 4481 νυκτὶ
283 4419 380 4502 πλοίῳ
403 4431 532 4503 συναντᾷ
556 4419 585 4484 ἐν
610 4407 708 4506 Ῥόδῳ
731 4425 785 4486 καὶ
808 4421 851 4496 ὡς
867 4426 983 4508 λῃστὰς
999 4429 1125 4516 νομίσας
1141 4425 1256 4510 ἀναιρεῖ
1272 4431 1320 4489 τὸν
1336 4449 1396 4490 πα-

180 4523 267 4606 τέρα·
290 4521 358 4590 eiai'
372 4527 405 4589 δὲ
429 4521 503 4610 ὑπὲρ
527 4513 618 4593 airon
641 4533 679 4594 τὰ
695 4525 863 4614 Ἀταβὺρια
886 4530 953 4617 ὄρη,
978 4529 1032 4616 ἀφ’
1056 4529 1096 4596 ὧν
1112 4531 1186 4604 Ζεὺς
1202 4530 1393 4616 Ἀταβὺριος.
1456 4597 1463 4611 ,
