3300 5142
656 396 891 461 3-19—

171 597 210 654 ut
231 587 362 674 propria
386 587 427 654 de
449 582 490 654 iis
514 590 792 656 commentatione
824 612 909 676 opus
940 591 991 656 sit.
1039 591 1115 669 Qua
1138 591 1179 656 de
1198 611 1298 656 causa
1320 591 1390 678 ipse
1440 656 1443 662 ,

171 715 209 760 11
232 695 273 760 de
295 715 330 760 re
353 694 522 780 disputare
539 695 675 760 desiste.

258 785 363 866 Alius·
378 800 622 866 Camirensium
643 801 857 894 magistratus
873 809 984 889 ταμίας
1007 803 1079 887 fuit,
1104 785 1205 889 quein
1220 803 1390 890 inscriptio
1426 814 1527 883 ταμίαι.

170 905 230 974 Br.
254 909 343 974 Mas.
372 929 405 972 n.
431 906 608 984 3111111
636 907 855 975 conficiendis
876 910 1053 996 pecuniam
1078 909 1270 995 praebuisse
1291 909 1392 975 docet

169 1012 222 1100 (τὰ
240 1015 274 1078 δὲ
290 1016 453 1100 celebatur
464 1012 502 1085 ,ἐς
518 1023 612 1078 ταῦτα
630 1019 727 1078 πάντα
742 1017 791 1080 τὸν
807 1018 916 1098 ταμίαν
934 1014 1098 1101 παρέχειν).
1138 1015 1393 1106 111111111111111

162 1127 335 1208 curatores
364 1119 505 1206 publicis
533 1117 737 1204 quibusdam
764 1120 904 1206 negotiis
920 1121 1117 1206 praepositi.
1165 1120 1293 1186 Verum
1323 1121 1392 1186 iam

168 1227 258 1293 tituli
273 1248 333 1292 nos
346 1225 512 1293 deficiunt.
542 1225 632 1290 Nam
647 1226 870 1312 magistratus,
887 1227 995 1312 quiin
1009 1227 1223 1313 inscriptions
1236 1247 1258 1292 a
1274 1227 1408 1293 Rossio'

55 1327 58 1338 '
171 1331 282 1399 1111.
301 1355 334 1398 1.
353 1333 417 1412 276
435 1331 523 1398 edita
540 1337 786 1412 enumerantur,
804 1352 874 1398 non
891 1332 934 1398 ad
951 1317 1195 1399 Camirensium
1213 1355 1392 1400 commune

171 1439 333 1526 pertinere
355 1440 443 1504 infra
465 1438 663 1506 videbimus.

164 1567 169 1572 ⁷
259 1546 353 1625 Quae
376 1547 444 1611 iam
473 1545 514 1610 de
541 1543 725 1610 0111111111
751 1545 883 1612 civitate
915 1566 957 1610 ex
986 1546 1257 1633 inscriptionibus
1286 1546 1389 1627 effeci,

169 1672 377 1738 quamquam
406 1673 475 1717 non
503 1657 582 1716 sunt
610 1650 732 1730 multa,
766 1639 882 1751 tamen
911 1651 945 1716 id
978 1653 1057 1718 satis
1087 1652 1231 1718 dilucide
1258 1653 1391 1719 demon-

169 1767 236 1825 stra
261 1766 283 1824 t'
296 1759 381 1824 illud
397 1779 575 1825 commune
594 1779 664 1824 non
679 1758 731 1822 sui
746 1758 848 1824 fuisse
861 1758 952 1824 iuris.
987 1759 1075 1824 Nam
1090 1758 1133 1824 ad
1149 1779 1242 1824 sacra
1259 1765 1390 1825 tantum

170 1883 240 1930 non
263 1865 372 1931 solnm
395 1866 546 1931 omnium
570 1865 636 1930 fere
659 1866 915 1951 magistratuum
938 1865 1076 1931 nomina
1091 1871 1250 1952 spectant,
1274 1864 1393 1930 sedne

173 1971 289 2057 populi
311 1965 447 2057 quidem
461 1971 600 2037 'decreta
622 1970 712 2036 aliud
736 1971 922 2058 quidquam
950 1970 1226 2058 complectrmtur,
1254 1972 1320 2037 nisi
1341 1992 1392 2037 res

173 2096 281 2144 sacras
315 2078 523 2163 honoresque
552 2054 779 2164 assignandos,
828 2078 922 2155 Quae
950 2078 1088 2164 quidem
1115 2074 1165 2144 est
1185 2099 1305 2161 Ι11111,
1335 2101 1394 2144 cur

174 2199 349 2269 nunquam
362 2184 399 2250 in
414 2183 684 2271 inscriptionibus
703 2185 844 2251 occurrit
867 2185 1010 2250 formula
1031 2182 1048 2248 ὁ
1067 2186 1166 2272 δᾶμος
1186 2183 1392 2271 ὁΚαμιρέων,

173 2288 231 2354 sed
255 2310 384 2376 semper
406 2289 567 2376 Καμιρεῖς.
1195 2338 1200 2394 3

708 2547 863 2631 Ialysus,
957 2633 960 2637 ¹

187 2783 189 2789 ,
262 2713 369 2780 Multo
385 2715 485 2781 etiam
507 2715 651 2781 limatior
667 2724 716 2782 est
733 2717 931 2803 Ialysiorum
946 2717 1088 2784 civitatis
1106 2717 1259 2803 cognitio.
1286 2717 1410 2782 Lucu.

173 2815 282 2885 lentus
309 2828 423 2886 tamen
449 2821 567 2888 titulus
589 2823 626 2887 in
649 2844 782 2910 corpore
804 2823 913 2889 musei
939 2823 1122 2888 Britannici
1143 2844 1176 2887 1.
1201 2825 1266 2888 349
1290 2822 1393 2890 divul-

173 2933 271 3012 gatus
293 2933 412 2992 exstat:
437 2929 523 3001 ἔδοξε
546 2940 610 3002 τοῖς
634 2935 779 3014 μάστροτς
802 2933 855 2994 καὶ
879 2926 1053 3002 Ἰαλυσίοις·
1085 2928 1221 3016 Στράτης
1245 2927 1394 3017 Ἀλκιμέ-

174 3033 279 3106 δοντος
310 3031 389 3096 εἶπε·
418 3031 500 3108 ὅπως
532 3037 566 3099 τὸ
594 3033 672 3118 ἱερὸν
700 3039 753 3100 καὶ
780 3039 813 3099 τὸ
842 3042 965 3121 τέμενος
992 3047 1047 3107 τᾶς
1075 3032 1393 3121 Ἀλεκτρώνας.....

174 3133 415 3225 ἐπιμεληθήμετν
439 3139 511 3212 τοὺς
533 3137 718 3226 ἱεροταμὶας,
747 3139 831 3214 ὅπως
854 3145 963 3207 ocatur
990 3141 1196 3227 ἐργααθὲωντι
1222 3153 1304 3228 τρεῖς
1318 3192 1324 3207 .
1340 3193 1346 3205 .
1362 3192 1392 3206 ..
1502 3209 1504 3227 .

170 3247 280 3340 Ιθέμειν
300 3247 403 3318 δὲτὰς
422 3249 602 3316 στάλας...
627 3251 698 3332 μίαν
714 3249 747 3312 δὲ
763 3247 837 3334 ὑπὲρ
853 3253 886 3314 τὸ
902 3247 1101 3337 ἱστιατήριον.
1116 3298 1145 3312 ..
1164 3251 1393 3332 ποταγγελλέτω

175 3353 208 3415 δὲ
224 3355 274 3418 τὸν
290 3339 400 3418 coitur
413 3377 439 3416 τι
456 3363 594 3418 ποιεῦντα
605 3350 620 3416 ὁ
633 3359 754 3440 χρῄζων
771 3355 804 3427 ἐς
822 3359 893 3428 τοὺς
908 3362 1070 3442 μάστροος.
1098 3355 1197 3422 Unde
1212 3356 1393 3442 accipimus

174 3457 273 3524 etiam
305 3459 341 3524 in
370 3459 480 3544 Ialyso
510 3459 591 3525 urbe
622 3466 762 3526 mastros
796 3463 956 3528 maxime.
975 3463 1075 3528 sacris
1106 3460 1261 3528 curandis
1293 3462 1394 3526 fuisse
1495 3548 1497 3552 Α

154 3564 370 3633 -11111111111
396 3564 578 3652 populique
606 3567 794 3634 contionem
829 3568 870 3634 de
902 3569 960 3634 illa
992 3591 1028 3634 re
1059 3589 1130 3634 esse
1163 3568 1294 3634 factam.
1341 3568 1394 3632 Ex

176 3669 282 3736 verbis
306 3677 419 3736 autem
443 3663 514 3756 piar
538 3674 571 3736 δὲ
595 3669 668 3758 ὑπὲρ
697 3677 729 3738 τὸ
749 3673 929 3762 ἱστιατήριον
952 3681 991 3739 11
1012 3675 1049 3740 11
1070 3674 1222 3760 plurimis
1238 3674 1394 3739 Graeciae

175 3773 328 3856 urbibus,
361 3777 408 3844 sic
431 3778 531 3843 etiam
553 3778 654 3864 Ialysi
676 3779 804 3847 civibus
829 3781 869 3846 de
897 3781 1068 3867 republica
1093 3781 1179 3846 bene
1197 3781 1320 3846 meritis
1336 3803 1392 3867 pu·

175 3877 259 3946 blice
276 3882 480 3954 cotidianum
495 3885 621 3952 rictum
638 3907 708 3952 esse
722 3886 910 3972 praebitum
927 3887 1054 3952 efficere
1071 3908 1260 3973 possumus,
1300 3887 1394 3965 Quae

173 3994 300 4052 restant
330 3989 507 4074 Ialysensis
535 3992 651 4077 populi
677 3992 819 4072 decreta,
859 3993 972 4059 omnia
1006 3992 1047 4058 de
1073 3993 1256 4059 honoribus
1289 4001 1392 4078 agunt

169 4093 212 4179 16.
236 4096 266 4160 b.
291 4095 325 4160 Π
351 4117 382 4181 p.
416 4097 480 4162 616
510 4118 542 4161 n.
572 4100 602 4178 2,
632 4099 723 4165 Rosa.
747 4101 830 4166 Heli.
858 4122 890 4186 p.
929 4103 971 4165 99
1000 4122 1032 4164 n.
1062 4097 1166 4185 2321).
1212 4100 1265 4165 Ex
1292 4099 1392 4185 magi-

175 4201 332 4267 stratibus
347 4223 423 4268 vero
439 4203 580 4271 civitatis
596 4205 681 4270 solos
698 4203 873 4292 ἱεροταμίας
888 4211 921 4271 11
936 4205 1026 4290 ἱερεῖς
1042 4207 1223 4285 (flaminem
1240 4206 1393 4271 Athenae

175 4301 350 4392 Ialysensis
367 4329 420 4373 ex
454 4309 667 4396 inscriptione
694 4313 880 4377 11111111.
914 4314 997 4377 1867
1021 4311 1055 4376 Π
1080 4334 1112 4397 p.
1138 4313 1178 4376 31
1212 4333 1245 4375 n.
1271 4313 1391 4395 iim)

175 4412 310 4501 prolata)
325 4416 564 4500 cognoscimus.
613 4416 764 4494 Quorum
779 4419 917 4482 nomina
931 4419 1004 4503 ipsa
1021 4418 1088 4482 iam
1104 4417 1254 4482 indicant
1274 4416 1390 4482 officia.

176 4513 327 4584 Ceterum
354 4519 625 4588 hierotamiarum
657 4523 759 4588 fuisse
788 4523 877 4591 stolis
910 4523 1122 4590 conficiendis
1151 4522 1321 4589 consulere
1351 4545 1393 4594 ex

1249 4627 1287 4682 20
