3300 5142
679 437 713 445 ..
758 401 799 464 31
833 436 890 443 .-

170 597 325 684 gentibus
348 601 418 662 erat
452 593 623 673 oriundus,
650 593 764 682 sacris
792 578 1021 659 excluderetur
1032 589 1064 670 ¹),
1099 589 1227 686 liquido
1257 597 1393 676 apparet

173 711 204 770 et
226 725 290 793 eos,
315 703 375 789 qui
396 701 461 768 illis
484 701 520 765 in
543 699 682 766 urbibus
706 697 896 766 sacerdotiis
911 697 1146 783 fungebantur,
1170 702 1204 761 et
1225 697 1286 781 qui
1307 717 1393 762 sum·
1513 783 1518 796 ι

173 831 264 876 mam
297 830 413 884 eorum
445 807 642 873 exercebant
673 805 873 885 custodiam,
907 809 1049 869 mastros
1075 802 1230 890 intellego
1255 803 1308 885 (cf.
1332 805 1392 870 Br.

156 917 263 987 ,Mna
287 938 320 980 n.
345 916 409 1003 351
434 923 533 981 τοῦτοι
554 917 610 996 (sc.
636 914 774 999 μάστροι)
799 913 833 976 δὲ
856 909 1121 992 σονλεγέοθων,ἐν
1137 907 1270 995 Καμίρῳ
1293 907 1339 982 εἰς
1360 915 1393 975 τὸ

173 1021 252 1108 ἱερὸν
276 1034 331 1095 τᾶς
356 1019 548 1094 ’Λθοινοιὶας,
571 1018 722 1086 δικαιοί
745 1018 890 1103 ἱεροποιοὶ
913 1024 1133 1102 napa-rivom,
1161 1020 1215 1082 ιιοιὶ
1237 1015 1394 1101 ἀδρεόντω

173 1133 211 1194 τὰ
240 1125 307 1213 ἱερὰ
337 1133 374 1216 τοι
397 1125 560 1213 Καμιρέων
586 1125 633 1212 [τὰ
657 1119 830 1213 δαμοὶτελῆ,,
843 1127 964 1206 πάντα),
986 1146 1056 1189 non
1079 1127 1159 1188 κατὰ
1181 1125 1297 1210 δήμους
1320 1122 1396 1214 eligi
1466 1203 1473 1214 ·

175 1235 330 1321 potuisse,
355 1233 414 1308 sed
436 1239 569 1299 tantum
591 1253 651 1318 per
673 1253 728 1298 eas
751 1232 937 1311 societates,
965 1232 1002 1296 in
1025 1251 1109 1316 quas
1131 1251 1191 1315 pro
1212 1227 1395 1315 gentilitate
1452 1288 1456 1295 .

174 1341 312 1428 legitimi
335 1341 422 1407 cives
445 1346 538 1406 erant
561 1338 737 1406 distributi.
784 1339 873 1405 Nam
900 1359 988 1403 cum.
1007 1337 1181 1403 demorum
1208 1333 1395 1401 distributio

175 1448 320 1512 niaxime
343 1445 387 1512 ad
410 1445 668 1531 significandum
693 1440 899 1510 domicilium
921 1450 955 1510 et
975 1440 1258 1508 administrandas
1274 1461 1330 1506 eas
1344 1461 1395 1506 res

175 1551 342 1640 pubhcas,
371 1573 458 1638 quae
485 1573 555 1617 non
581 1551 802 1617 cohaerebant
829 1573 908 1617 cum
935 1550 1048 1629 sacriS,
1072 1549 1257 1635 pertineret,
1282 1553 1396 1632 utpote

176 1659 298 1746 quibus
321 1659 485 1746 peregrini
507 1678 527 1723 a
548 1658 672 1746 populo
695 1658 826 1724 civitate
849 1658 963 1723 donati
979 1656 1219 1733 cohiberentur,
1243 1655 1314 1719 fieri
1328 1675 1397 1719 non

176 1767 298 1852 potuit,
327 1772 366 1830 ut
392 1763 436 1834 ad
463 1747 613 1830 demotas
639 1764 692 1830 ius
719 1764 792 1830 illos
816 1764 967 1851 elegendi
988 1763 1178 1829 deferretur.
1221 1761 1297 1853 lam
1319 1781 1396 1826 vero

179 1871 405 1957 compluribus
429 1877 558 1936 constat
579 1871 850 1956 inscriptionibus
873 1876 1014 1936 mastros
1030 1869 1105 1937 illos
1120 1857 1242 1963 electos
1255 1887 1398 1953 esseper

177 1978 311 2043 otoinas.
358 1979 447 2064 Ergo
479 1978 605 2044 ctoinas
635 1967 839 2063 gentiliciam
869 1976 971 2042 fuisse
994 1974 1243 2065 discriptionem
1264 1962 1397 2039 summa

48 2083 52 2090 ’
177 2105 255 2150 cum
276 2083 507 2170 probabilitate
529 2083 626 2150 nobis
648 2083 802 2151 videmur
824 2083 963 2155 efficere.
1008 2083 1054 2146 Et
1077 2079 1293 2147 confirmatur
1314 2078 1396 2144 haec

178 2190 420 2276 argumentatio
436 2197 468 2256 et
482 2189 737 2276 inscriptionum
752 2189 950 2256 testimoniis
966 2195 999 2254 et
1013 2187 1174 2274 Hesychii
1192 2185 1395 2252 auctoritate.

177 2296 293 2390 Neque
316 2298 405 2362 enirn
429 2297 481 2362 his
504 2297 622 2364 ctoinis
634 2296 803 2383 Hesychio
826 2303 909 2362 teste
930 2296 978 2360 ita
1000 2295 1128 2374 coortis,
1153 2299 1192 2358 ut
1214 2293 1401 2378 complures

177 2411 291 2490 gentes
319 2403 551 2486 communium
578 2403 790 2489 quorundam
818 2422 986 2468 sacrorum
1013 2399 1199 2486 antiquitus
1225 2399 1400 2485 participes

178 2509 542 2597 comprehenderentur,
567 2510 746 2596 quisquam
768 2509 932 2588 intererat,
967 2507 1025 2593 qui
1048 2506 1149 2572 saeris
1171 2504 1400 2572 sacerdotiisve

177 2619 286 2684 urbis
302 2617 539 2704 prohiberetur.
597 2617 650 2681 Ex
681 2615 804 2702 quibus
837 2620 941 2700 patet,
974 2612 1184 2679 Rhodiarum
1215 2610 1400 2678 otoinarum

178 2724 293 2788 multis
317 2723 530 2810 expertibus
554 2722 677 2788 similes
700 2723 803 2790 fuisse
826 2721 1014 2786 Atticorum
1037 2717 1210 2805 plnatrias.
1257 2717 1347 2782 Nam
1369 2724 1402 2781 et

181 2830 303 2915 optime
327 2829 482 2914 quadrat,
516 2829 607 2915 quod
640 2828 681 2916 de
715 2828 815 2894 sacris
839 2834 872 2892 et
893 2825 1077 2912 gentilitate
1099 2845 1214 2890 aarum
1236 2822 1400 2889 habemus
1468 2914 1471 2915 γ

181 2941 397 3021 compertum,
420 2957 529 3020 neque
552 2934 642 3020 quod
665 2933 741 3000 illae
767 2933 896 2999 ctoinae
921 2933 1022 2998 etiam
1036 2937 1140 2997 terrae
1163 2937 1292 3017 partem
1307 2942 1406 2996 com·
1487 3004 1489 3013 Ι
1517 3003 1527 3018 ⁴

182 3040 419 3127 plectebantur,
439 3042 627 3107 Atticarum
648 3040 872 3126 phratriarum
895 3038 1082 3104 condicioni
1104 3027 1223 3104 obstat.
1270 3042 1272 3048 ⁴
1400 3040 1402 3045 ’
1447 3126 1451 3147 .

270 3147 364 3225 Quae
397 3169 476 3213 cum
500 3148 548 3212 ita
581 3148 660 3227 sint,
692 3167 804 3217 nonne
831 3147 867 3211 in
893 3151 1050 3232 promptu
1078 3150 1128 3210 est
1155 3143 1315 3230 suspicari
1341 3143 1403 3208 has

83 3308 86 3314 .
181 3260 303 3328 κτοίνας
326 3275 396 3320 esse
422 3255 511 3340 ipsas
538 3254 611 3319 illas
638 3260 808 3340 patrarum
836 3251 1015 3329 societates,
1047 3272 1133 3337 quae
1161 3251 1197 3315 in
1226 3249 1332 3330 titulo,
1362 3249 1404 3314 de

181 3382 248 3447 quo
275 3356 306 3447 p.
334 3363 375 3426 15
404 3360 647 3446 disputavimus
677 3356 747 3445 (Br.
772 3360 862 3432 Mus.
890 3379 923 3423 n.
953 3356 1029 3445 352)
1056 3362 1293 3423 enumerantur
1317 3409 1323 3420 .
1343 3408 1349 3421 .
1369 3407 1401 3421 ..

182 3464 425 3554 tenebramur),
456 3464 640 3554 ’Apprrtoa
665 3466 839 3549 Χοτριείων,
868 3464 1022 3551 Ληχεὶων,
1048 3464 1257 3539 Πολλωνείων,
1285 3462 1421 3529 Booua-x

103 3577 105 3588 '
185 3575 273 3640 λείων
298 3575 428 3657 caspar?
461 3572 538 3637 Non
561 3577 681 3660 ipsum,
706 3592 773 3658 quo
797 3571 966 3656 catalogus
988 3570 1044 3636 ille
1062 3553 1306 3648 conficiebatur,
1330 3590 1403 3635 con-

136 3761 141 3770 .
187 3679 310 3759 silium,
340 3679 430 3765 quod
460 3677 597 3764 quidem
623 3678 814 3744 Newtonius
841 3677 927 3742 bene
956 3675 1122 3762 perspexit
1156 3675 1268 3741 dicens
1299 3681 1405 3740 «most

186 3785 347 3871 probably
357 3786 384 3851 it
399 3783 583 3850 concerned
594 3783 747 3870 religious
758 3784 845 3862 rites,
859 3804 969 3849 access
981 3789 1015 3848 to
1030 3783 1140 3848 which
1154 3803 1222 3848 was
1236 3781 1405 3847 restricted

185 3899 220 3956 to
243 3891 300 3956 the
322 3890 487 3956 members
506 3891 543 3956 of
563 3891 686 3956 certain
709 3885 850 3956 familias
872 3889 941 3954 and
962 3890 1021 3954 the
1042 3888 1098 3954 list
1119 3909 1198 3973 may
1220 3889 1306 3955 have
1321 3888 1405 3954 been

186 3996 362 4064 embodied
384 3997 421 4062 in
443 3995 591 4062 adeoree
615 3995 782 4082 declaring
803 3996 878 4061 that
891 3995 985 4062 these
1000 3995 1069 4061 and
1090 4017 1135 4060 no
1150 3995 1244 4060 other
1266 3994 1405 4059 familias

185 4125 270 4170 were
285 4125 321 4168 so
336 4101 516 4188 privileged
533 4153 540 4166 .
559 4155 565 4168 .
582 4102 649 4168 this
664 4124 856 4170 recurrence
870 4109 1006 4188 suggest
1020 4102 1094 4167 that
1116 4101 1211 4166 some
1229 4101 1406 4186 particular

275 4287 296 4354 ¹)
313 4291 364 4344 Br.
382 4291 456 4344 Mus.
475 4308 503 4344 n.
523 4293 582 4357 357,
602 4307 628 4344 v.
652 4294 686 4344 40
705 4307 747 4358 sq.
785 4291 1040 4358 σονδιαφολάξανιες
1059 4299 1114 4353 τοῖς
1134 4288 1249 4350 Λινδίοις
1269 4288 1340 4348 ὅπως
1363 4287 1406 4338 cui

189 4379 302 4450 αἱρέοιες
325 4379 448 4448 γίνωνται
473 4379 498 4432 ὲν
524 4378 611 4451 Λίνδῳ
639 4389 688 4434 τῶν
712 4379 802 4450 ἱερέων
826 4383 873 4434 καί
897 4381 1036 4450 ἱεροθοτᾶν
1059 4383 1105 4434 sai
1130 4380 1266 4452 ἱεροποιῶν
1288 4379 1334 4430 καί
1356 4385 1406 4430 τῶν

191 4464 278 4518 ἄλλων
296 4476 346 4520 τῶν
367 4469 409 4520 ἐπὶ
427 4471 459 4520 τὰ
477 4472 552 4520 νοινὰ
570 4470 738 4539 τασσομένων
759 4469 786 4532 ἐξ
801 4469 892 4522 -αδτῶν
911 4468 1020 4522 Λινδίων
1039 4472 1115 4522 καθὰ
1133 4470 1178 4520 ναὶ
1198 4469 1224 4520 ἓν
1243 4474 1297 4527 τοῖς
1316 4467 1406 4536 νόμοις

190 4553 334 4626 γέγραπται
352 4557 398 4608 καὶ
419 4559 458 4628 μὴ
479 4557 622 4628 μετίχωντι
640 4566 689 4611 τῶν
714 4559 739 4610 ἓν
759 4557 848 4629 Λίνδῳ
868 4557 944 4628 ἱερῶν
968 4557 992 4612 οἱ
1011 4561 1050 4632 μὴ
1069 4558 1257 4630 καὶπρότερον
1276 4563 1406 4626 μετεῖχον.
