3300 5142
782 393 980 456 ...6.-

272 581 340 646 iam
363 601 453 648 anno
479 585 542 649 164
557 582 674 650 foedus
697 605 773 654 cuna
788 585 931 652 Rhodiis
952 587 1102 673 impense
1124 580 1388 675 supplicantibus
1406 592 1495 678 pacti

273 695 354 753 sunt
376 687 509 776 calogo,
533 696 572 756 ut
587 689 710 756 Rhodii
732 694 769 757 in
787 693 961 760 civitatum
984 693 1226 782 foederatarum
1247 716 1426 762 numerum
1448 718 1494 763 re
1545 740 1549 747 ·

274 794 467 880 ciperentur.
503 793 576 862 Has
592 803 704 864 autem
728 798 876 866 civitates
891 800 927 864 in
946 801 1102 866 omnihus
1125 800 1232 881 rebus,
1258 808 1493 889 quaetantum

274 900 317 966 ad
340 921 518 968 commune
540 903 750 990 pertinebant
772 904 1084 986 administrandum,
1101 906 1201 993 plane
1215 908 1268 973 sui
1289 908 1370 972 iuris
1392 909 1495 976 fuisse

274 1007 388 1074 multis
411 1009 570 1096 exemplis
593 1009 725 1096 probari
746 1017 855 1097 potest
875 1009 929 1098 (cf.
949 1011 1154 1096 Marquardt‚
1179 1013 1276 1080 Rom.
1292 1006 1493 1080 Staatselter·

272 1113 407 1180 thiimer
437 1114 463 1194 l,
495 1135 527 1201 p.
552 1114 616 1202 44).
667 1116 819 1202 Denique
846 1137 937 1182 anno
965 1119 1008 1189 84
1035 1139 1063 1184 a.
1094 1117 1153 1184 Oh.
1179 1140 1211 1184 n.
1235 1119 1390 1206 Appiano
1412 1125 1494 1186 testa

274 1219 414 1286 Rhodiis
440 1243 500 1307 pro
526 1223 658 1309 magnis
681 1244 795 1289 eorum
824 1224 861 1290 in
883 1222 968 1289 bello
995 1223 1220 1290 Mithridatico
1249 1226 1374 1292 meritis
1396 1211 1495 1314 plena

217 1319 219 1326 ’
273 1325 407 1392 libertas
429 1327 559 1394 reddita
581 1335 639 1395 est.
686 1329 780 1406 Quae
803 1351 882 1395 cum
903 1331 951 1396 ita
973 1332 1049 1410 sint,
1073 1331 1159 1398 nihil
1181 1331 1292 1397 obstat
1313 1333 1495 1417 quominus

274 1433 445 1500 nonnuliis
459 1435 495 1499 in
514 1434 764 1521 quaestionibus
777 1435 878 1500 etiam
892 1436 1122 1522 inscriptiones
1137 1459 1227 1504 anno
1245 1439 1309 1503 164
1323 1438 1495 1524 aliquanto

172 1613 174 1629 ἡ
273 1539 467 1624 posteriores
494 1540 538 1607 ad
569 1532 840 1607 adumbrandarn
869 1542 1033 1608 interioris
1060 1544 1202 1609 civitatis
1229 1528 1379 1626 formam,
1409 1565 1495 1630 quae

275 1645 411 1731 quidem
433 1645 529 1723 tertio
552 1646 618 1712 fere
642 1667 670 1712 a.
695 1646 755 1712 Ch.
780 1668 813 1712 n.
838 1648 970 1714 saeculo
992 1647 1100 1729 fuerit,
1125 1649 1353 1715 adhibeamus,

363 1752 598 1838 Inscriptiones
621 1758 733 1818 autem
755 1753 834 1819 inde
860 1754 904 1820 ab
926 1761 1069 1820 exeunte
1091 1755 1262 1821 ultimos.
1288 1754 1348 1820 Oh.
1372 1777 1405 1820 n.
1429 1777 1496 1822 sae

275 1857 350 1924 culo
372 1859 496 1924 incisae
523 1859 619 1924 certis
646 1859 850 1946 quibusdam
877 1860 1008 1927 indiciis
1034 1868 1105 1926 tam
1136 1861 1232 1928 facile
1258 1869 1495 1948 agnoscuntur,

274 1971 314 2031 ut
346 1985 480 2063 prorsus
511 1986 580 2030 non
612 1966 654 2031 sit
685 1965 879 2052 periculum,
909 1988 952 2032 ne
983 1988 1069 2053 quae
1097 1968 1333 2054 posterioribus
1361 1969 1497 2038 demum

274 2071 478 2158 temporibus
502 2073 569 2138 sint
590 2073 753 2153 instituta,
777 2069 820 2138 ad
843 2074 952 2160 priora
974 2074 1057 2140 falso
1080 2075 1268 2141 referamne.

999 2560 1001 2563 ,
1067 2524 1075 2561 l

769 2631 925 2730 Pars
971 2630 1006 2730 Ι.

48 2875 51 2881 “
72 2891 270 2998 ἔίοξὲιᾞῶἱ-
371 2871 444 2938 Iam
471 2871 514 2938 ad
537 2873 644 2962 ipsam
667 2853 921 2960 descriptionem
948 2871 1118 2938 transituri
1144 2871 1290 2958 primurn
1314 2872 1355 2938 de
1377 2894 1416 2938 eo
1439 2873 1500 2942 dis·

68 2998 441 3105 {lffissffisemmus‘
477 3000 563 3064 quae
594 2980 737 3046 rationes
763 2979 904 3066 iuraque
931 2979 1055 3044 fuerint
1082 2978 1262 3044 constituta
1288 2979 1375 3045 inter
1402 2989 1502 3068 caput

78 3103 172 3150 nsua
191 3107 262 3158 (nno.
276 3085 404 3151 insulae
427 3092 460 3151 et
480 3085 659 3166 Geminum,
684 3087 843 3172 Ialysum,
873 3085 1030 3165 Lindum,
1055 3085 1288 3172 antiquissima
1310 3087 1367 3151 illa
1390 3086 1502 3155 Rhodi

72 3159 138 3266 llll
152 3160 417 3277 ildttd'oppidn
446 3212 526 3257 nam
555 3191 597 3257 de
624 3213 662 3258 ea
689 3194 881 3278 quaestione
910 3193 1063 3258 homines
1091 3191 1180 3257 docti
1205 3191 1249 3257 ad
1276 3190 1339 3256 hoc
1366 3198 1498 3280 tempus

118 3265 225 3312 ‘mm'
275 3297 388 3363 minus
404 3295 576 3383 diiigenter
592 3298 825 3364 disseruerunt.
861 3300 965 3384 Atqui
977 3320 1055 3366 cum
1071 3297 1211 3363 Rhodus
1223 3297 1303 3362 urbs
1316 3310 1498 3384 συνοικισμῷ

275 3403 452 3469 hominum
475 3425 517 3468 ex
539 3403 645 3470 tribus
667 3401 732 3471 illis
748 3406 984 3472 communibus
1007 3405 1044 3470 in
1059 3424 1164 3469 unam
1186 3402 1303 3469 urbem
1327 3423 1417 3468 anno
1432 3404 1495 3470 407

269 3511 567 3596 commigrantium
586 3510 720 3577 condita
739 3512 791 3592 sit,
815 3534 883 3599 quo
896 3513 969 3599 ipso
984 3509 1148 3598 quasdam
1171 3529 1277 3575 novae
1299 3509 1499 3594 reipublicae

275 3617 398 3682 formas
421 3624 454 3683 et
475 3617 699 3684 institutiones
723 3639 743 3684 a
764 3619 933 3685 veteribus
955 3618 1020 3683 illis
1036 3615 1225 3683 civitatibus
1249 3616 1412 3682 derivatas
1428 3637 1499 3684 esse

274 3744 389 3809 perse
412 3730 511 3812 patet,
541 3725 569 3790 si
595 3726 716 3791 harum
741 3747 853 3791 rerum
880 3725 1091 3812 publicarum
1119 3721 1329 3809 disciplinam
1358 3722 1528 3790 illustra.

275 3829 429 3910 verimus,
454 3830 554 3896 etiam
577 3831 741 3916 quaedam
766 3833 954 3898 communis
974 3830 1090 3917 capitis
1110 3829 1263 3894 instituta
1287 3828 1407 3895 clarius
1429 3851 1497 3918 per·

275 3935 357 4022 spici
379 3937 416 4002 in
437 3937 612 4023 propatulo
635 3959 705 4004 esse
727 3937 811 4004 mihi
834 3938 973 4006 videtur.
1009 3970 1011 3975 ·

791 4131 922 4242 Caput
948 4131 981 4212 Ι.

71 4331 90 4372 1.
105 4330 168 4380 ouo
181 4331 212 4375 ue
225 4333 271 4374 un-
366 4309 517 4376 Primum
543 4311 644 4396 igitur
670 4311 753 4397 quid
782 4305 837 4378 ex'
850 4309 1122 4397 inscriptionibus
1143 4345 1188 4355 -
1211 4309 1384 4394 scriptores
1407 4307 1496 4376 enim

70 4383 333 4490 npppipmipnpphic
359 4437 421 4481 nos
449 4415 607 4483 deficiunt
633 4455 678 4466 -
705 4417 746 4484 de
778 4417 986 4505 singulorum
1012 4417 1135 4482 horum
1166 4415 1365 4500 oppidorum
1398 4411 1498 4481 rebus

84 4489 248 4588 buoeppppas
274 4520 416 4607 publicis
438 4522 620 4604 hauriatur,
644 4531 796 4591 accurate
818 4545 1036 4612 exponemus;
1061 4521 1181 4591 deinde
1196 4539 1282 4606 quae
1305 4522 1496 4590 communia
