<?xml version="1.0" encoding="UTF-8"?>
<!DOCTYPE html PUBLIC "-//W3C//DTD XHTML 1.0 Transitional//EN"
    "http://www.w3.org/TR/xhtml1/DTD/xhtml1-transitional.dtd">
<html xmlns="http://www.w3.org/1999/xhtml" xml:lang="en" lang="en">
 <head>
  <title>
</title>
<meta http-equiv="Content-Type" content="text/html;charset=utf-8" />
  <meta name='ocr-system' content='tesseract 3.04.00' />
  <meta name='ocr-capabilities' content='ocr_page ocr_carea ocr_par ocr_line ocrx_word'/>
</head>
<body>
  <div class='ocr_page' id='page_1' title='image "./derepublicarhod00schugoog_0049.png"; bbox 0 0 3300 5142; ppageno 0'>
   <div class='ocr_carea' id='block_1_1' title="bbox 666 395 888 490">
    <p class='ocr_par' dir='ltr' id='par_1_1' title="bbox 666 395 888 490">
     <span class='ocr_line' id='line_1_1' title="bbox 666 395 888 490; baseline -0.005 -50"><span class='ocrx_word' id='word_1_1' title='bbox 666 395 888 490; x_wconf 39' lang='lat'>-435</span> 
     </span>
    </p>
   </div>
   <div class='ocr_carea' id='block_1_2' title="bbox 160 585 1488 2163">
    <p class='ocr_par' dir='ltr' id='par_1_2' title="bbox 165 585 1387 1209">
     <span class='ocr_line' id='line_1_2' title="bbox 168 585 1387 677; baseline -0.004 -21"><span class='ocrx_word' id='word_1_2' title='bbox 168 597 220 677; x_wconf 73' lang='lat' dir='ltr'>rlp</span> <span class='ocrx_word' id='word_1_3' title='bbox 244 591 383 675; x_wconf 80' lang='grc' dir='ltr'>ἄντικρυς</span> <span class='ocrx_word' id='word_1_4' title='bbox 406 596 510 676; x_wconf 79' lang='grc' dir='ltr'>χώραν</span> <span class='ocrx_word' id='word_1_5' title='bbox 534 591 586 653; x_wconf 87' lang='grc' dir='ltr'>καὶ</span> <span class='ocrx_word' id='word_1_6' title='bbox 609 587 783 672; x_wconf 76' lang='grc' dir='ltr'>Κάρπαθον</span> <span class='ocrx_word' id='word_1_7' title='bbox 807 591 917 674; x_wconf 78' lang='grc' dir='ltr'>ταυτην</span> <span class='ocrx_word' id='word_1_8' title='bbox 941 592 994 652; x_wconf 83' lang='grc' dir='ltr'>καὶ</span> <span class='ocrx_word' id='word_1_9' title='bbox 1008 587 1139 674; x_wconf 78' lang='grc' dir='ltr'>ἤπειρον,</span> <span class='ocrx_word' id='word_1_10' title='bbox 1156 585 1262 670; x_wconf 79' lang='grc' dir='ltr'>ἑτέρας</span> <span class='ocrx_word' id='word_1_11' title='bbox 1277 594 1387 673; x_wconf 74' lang='grc' dir='ltr'>νήσους</span> 
     </span>
     <span class='ocr_line' id='line_1_3' title="bbox 166 691 1386 779; baseline -0.006 -17"><span class='ocrx_word' id='word_1_12' title='bbox 166 703 220 762; x_wconf 86' lang='grc' dir='ltr'>καὶ</span> <span class='ocrx_word' id='word_1_13' title='bbox 243 700 384 762; x_wconf 82' lang='grc' dir='ltr'>καθόλου</span> <span class='ocrx_word' id='word_1_14' title='bbox 408 698 509 760; x_wconf 87' lang='grc' dir='ltr'>πολλὰ</span> <span class='ocrx_word' id='word_1_15' title='bbox 538 696 615 760; x_wconf 79' lang='grc' dir='ltr'>ἔστιν</span> <span class='ocrx_word' id='word_1_16' title='bbox 645 691 751 778; x_wconf 72' lang='grc' dir='ltr'>ευρεῐν,</span> <span class='ocrx_word' id='word_1_17' title='bbox 775 695 796 758; x_wconf 86' lang='grc' dir='ltr'>ἃ</span> <span class='ocrx_word' id='word_1_18' title='bbox 824 704 911 778; x_wconf 76' lang='grc' dir='ltr'>κοινῇ</span> <span class='ocrx_word' id='word_1_19' title='bbox 941 698 994 779; x_wconf 82' lang='grc' dir='ltr'>μὲν</span> <span class='ocrx_word' id='word_1_20' title='bbox 1027 695 1221 779; x_wconf 73' lang='grc' dir='ltr'>ἀπεγράψατο</span> <span class='ocrx_word' id='word_1_21' title='bbox 1244 691 1386 779; x_wconf 78' lang='grc' dir='ltr'>ἡπόλις,</span> 
     </span>
     <span class='ocr_line' id='line_1_4' title="bbox 168 797 1386 890; baseline -0.007 -21"><span class='ocrx_word' id='word_1_22' title='bbox 168 807 307 890; x_wconf 72' lang='grc' dir='ltr'>διῄρηται</span> <span class='ocrx_word' id='word_1_23' title='bbox 335 805 369 868; x_wconf 83' lang='grc' dir='ltr'>δὲ</span> <span class='ocrx_word' id='word_1_24' title='bbox 398 799 442 876; x_wconf 72' lang='grc' dir='ltr'>εἰς</span> <span class='ocrx_word' id='word_1_25' title='bbox 472 803 542 872; x_wconf 80' lang='grc' dir='ltr'>τοὺς</span> <span class='ocrx_word' id='word_1_26' title='bbox 570 805 650 866; x_wconf 86' lang='grc' dir='ltr'>κατά</span> <span class='ocrx_word' id='word_1_27' title='bbox 677 805 770 886; x_wconf 77' lang='grc' dir='ltr'>μέρος</span> <span class='ocrx_word' id='word_1_28' title='bbox 798 797 850 886; x_wconf 72' lang='lat' dir='ltr'>(ct</span> <span class='ocrx_word' id='word_1_29' title='bbox 881 823 925 866; x_wconf 78' lang='lat' dir='ltr'>or.</span> <span class='ocrx_word' id='word_1_30' title='bbox 956 802 1008 864; x_wconf 84' lang='lat'>31.</span> <span class='ocrx_word' id='word_1_31' title='bbox 1033 827 1075 868; x_wconf 76' lang='grc' dir='ltr'>σοι</span> <span class='ocrx_word' id='word_1_32' title='bbox 1101 798 1143 885; x_wconf 84' lang='lat' dir='ltr'>R)</span> <span class='ocrx_word' id='word_1_33' title='bbox 1169 806 1207 863; x_wconf 88' lang='lat' dir='ltr'>et</span> <span class='ocrx_word' id='word_1_34' title='bbox 1233 798 1386 862; x_wconf 81' lang='lat' dir='ltr'>Aristidis</span> 
     </span>
     <span class='ocr_line' id='line_1_5' title="bbox 167 904 1385 992; baseline -0.004 -18"><span class='ocrx_word' id='word_1_35' title='bbox 167 907 247 976; x_wconf 87' lang='grc' dir='ltr'>Ῥοδ.</span> <span class='ocrx_word' id='word_1_36' title='bbox 273 937 315 976; x_wconf 79' lang='lat'>546</span> <span class='ocrx_word' id='word_1_37' title='bbox 336 907 435 973; x_wconf 91' lang='lat' dir='ltr'>Dind.</span> <span class='ocrx_word' id='word_1_38' title='bbox 461 911 515 972; x_wconf 85' lang='grc' dir='ltr'>καὶ</span> <span class='ocrx_word' id='word_1_39' title='bbox 537 917 586 970; x_wconf 81' lang='grc' dir='ltr'>νῦν</span> <span class='ocrx_word' id='word_1_40' title='bbox 613 904 788 992; x_wconf 77' lang='grc' dir='ltr'>Κάρπαθον</span> <span class='ocrx_word' id='word_1_41' title='bbox 812 910 867 992; x_wconf 82' lang='grc' dir='ltr'>μὲν</span> <span class='ocrx_word' id='word_1_42' title='bbox 890 911 944 971; x_wconf 82' lang='grc' dir='ltr'>καὶ</span> <span class='ocrx_word' id='word_1_43' title='bbox 958 905 1065 972; x_wconf 85' lang='grc' dir='ltr'>Κάσον</span> <span class='ocrx_word' id='word_1_44' title='bbox 1082 911 1135 970; x_wconf 81' lang='grc' dir='ltr'>καὶ</span> <span class='ocrx_word' id='word_1_45' title='bbox 1159 906 1259 977; x_wconf 82' lang='grc' dir='ltr'>ἄλλας</span> <span class='ocrx_word' id='word_1_46' title='bbox 1274 911 1385 991; x_wconf 71' lang='grc' dir='ltr'>νήσους</span> 
     </span>
     <span class='ocr_line' id='line_1_6' title="bbox 165 1009 1386 1102; baseline -0.006 -21"><span class='ocrx_word' id='word_1_47' title='bbox 165 1014 347 1102; x_wconf 79' lang='grc' dir='ltr'>οἰκουμένας</span> <span class='ocrx_word' id='word_1_48' title='bbox 370 1016 448 1079; x_wconf 79' lang='grc' dir='ltr'>ἔστιν</span> <span class='ocrx_word' id='word_1_49' title='bbox 471 1011 544 1078; x_wconf 74' lang='grc' dir='ltr'>ἰδεῖν</span> <span class='ocrx_word' id='word_1_50' title='bbox 571 1009 656 1079; x_wconf 67' lang='lat' dir='ltr'>citer</span> <span class='ocrx_word' id='word_1_51' title='bbox 681 1012 815 1099; x_wconf 77' lang='grc' dir='ltr'>ἐχοάσας</span> <span class='ocrx_word' id='word_1_52' title='bbox 843 1009 887 1077; x_wconf 78' lang='grc' dir='ltr'>ὅτι</span> <span class='ocrx_word' id='word_1_53' title='bbox 917 1012 1022 1077; x_wconf 80' lang='grc' dir='ltr'>εἴπωσι</span> <span class='ocrx_word' id='word_1_54' title='bbox 1049 1017 1103 1078; x_wconf 80' lang='grc' dir='ltr'>καὶ</span> <span class='ocrx_word' id='word_1_55' title='bbox 1132 1009 1205 1095; x_wconf 80' lang='grc' dir='ltr'>παρ’</span> <span class='ocrx_word' id='word_1_56' title='bbox 1229 1009 1269 1075; x_wconf 82' lang='grc' dir='ltr'>ὧν</span> <span class='ocrx_word' id='word_1_57' title='bbox 1293 1015 1386 1098; x_wconf 69' lang='grc' dir='ltr'>φόρον</span> 
     </span>
     <span class='ocr_line' id='line_1_7' title="bbox 166 1119 1085 1209; baseline -0.005 -21"><span class='ocrx_word' id='word_1_58' title='bbox 166 1123 298 1204; x_wconf 76' lang='grc' dir='ltr'>ἐκλέγειν</span> <span class='ocrx_word' id='word_1_59' title='bbox 321 1119 388 1209; x_wconf 71' lang='grc' dir='ltr'>ὑμῖν</span> <span class='ocrx_word' id='word_1_60' title='bbox 412 1125 470 1205; x_wconf 84' lang='grc' dir='ltr'>πρὸ</span> <span class='ocrx_word' id='word_1_61' title='bbox 493 1132 543 1186; x_wconf 81' lang='grc' dir='ltr'>τοῦ</span> <span class='ocrx_word' id='word_1_62' title='bbox 571 1125 678 1208; x_wconf 83' lang='grc' dir='ltr'>μικρὸν</span> <span class='ocrx_word' id='word_1_63' title='bbox 701 1119 747 1206; x_wconf 78' lang='grc' dir='ltr'>ἦν.</span> <span class='ocrx_word' id='word_1_64' title='bbox 1082 1183 1085 1189; x_wconf 73' lang='grc'><strong>,</strong></span> 
     </span>
    </p>

    <p class='ocr_par' dir='ltr' id='par_1_3' title="bbox 160 1225 1488 2059">
     <span class='ocr_line' id='line_1_8' title="bbox 251 1225 1488 1314; baseline -0.005 -19"><span class='ocrx_word' id='word_1_65' title='bbox 251 1229 402 1314; x_wconf 90' lang='lat' dir='ltr'>Denique</span> <span class='ocrx_word' id='word_1_66' title='bbox 425 1249 525 1313; x_wconf 92' lang='lat' dir='ltr'>quam</span> <span class='ocrx_word' id='word_1_67' title='bbox 550 1234 619 1292; x_wconf 79' lang='lat' dir='ltr'>arte</span> <span class='ocrx_word' id='word_1_68' title='bbox 634 1227 756 1294; x_wconf 82' lang='lat' dir='ltr'>Peraea</span> <span class='ocrx_word' id='word_1_69' title='bbox 778 1247 857 1292; x_wconf 89' lang='lat' dir='ltr'>oum</span> <span class='ocrx_word' id='word_1_70' title='bbox 872 1225 1004 1290; x_wconf 89' lang='lat' dir='ltr'>Rhodia</span> <span class='ocrx_word' id='word_1_71' title='bbox 1026 1225 1158 1291; x_wconf 87' lang='lat' dir='ltr'>civitate</span> <span class='ocrx_word' id='word_1_72' title='bbox 1177 1226 1277 1291; x_wconf 84' lang='lat' dir='ltr'>fucrit</span> <span class='ocrx_word' id='word_1_73' title='bbox 1298 1225 1385 1290; x_wconf 85' lang='lat' dir='ltr'>colli·</span> <span class='ocrx_word' id='word_1_74' title='bbox 1483 1237 1488 1249; x_wconf 92' lang='grc'><em>·</em></span> 
     </span>
     <span class='ocr_line' id='line_1_9' title="bbox 162 1331 1385 1422; baseline -0.002 -22"><span class='ocrx_word' id='word_1_75' title='bbox 162 1341 248 1422; x_wconf 86' lang='lat' dir='ltr'>gata,</span> <span class='ocrx_word' id='word_1_76' title='bbox 273 1336 396 1422; x_wconf 90' lang='lat' dir='ltr'>optime</span> <span class='ocrx_word' id='word_1_77' title='bbox 423 1333 628 1400; x_wconf 87' lang='lat' dir='ltr'>demonstrat</span> <span class='ocrx_word' id='word_1_78' title='bbox 650 1333 850 1398; x_wconf 76' lang='lat' dir='ltr'>Camirensis</span> <span class='ocrx_word' id='word_1_79' title='bbox 872 1331 927 1397; x_wconf 87' lang='lat' dir='ltr'>ille</span> <span class='ocrx_word' id='word_1_80' title='bbox 955 1331 1073 1396; x_wconf 88' lang='lat' dir='ltr'>titulus</span> <span class='ocrx_word' id='word_1_81' title='bbox 1105 1331 1191 1406; x_wconf 71' lang='grc' dir='ltr'>ἔδοξε</span> <span class='ocrx_word' id='word_1_82' title='bbox 1215 1331 1385 1418; x_wconf 81' lang='grc' dir='ltr'>Καριρεῦσι</span> 
     </span>
     <span class='ocr_line' id='line_1_10' title="bbox 163 1437 1384 1527; baseline -0.003 -21"><span class='ocrx_word' id='word_1_83' title='bbox 163 1447 218 1515; x_wconf 82' lang='grc' dir='ltr'>τὰς</span> <span class='ocrx_word' id='word_1_84' title='bbox 240 1447 361 1514; x_wconf 84' lang='grc' dir='ltr'>κτοὶνας</span> <span class='ocrx_word' id='word_1_85' title='bbox 384 1445 440 1513; x_wconf 82' lang='grc' dir='ltr'>τὰς</span> <span class='ocrx_word' id='word_1_86' title='bbox 454 1439 618 1527; x_wconf 81' lang='grc' dir='ltr'>Καριρὲων</span> <span class='ocrx_word' id='word_1_87' title='bbox 642 1444 696 1512; x_wconf 84' lang='grc' dir='ltr'>τὰς</span> <span class='ocrx_word' id='word_1_88' title='bbox 712 1437 742 1504; x_wconf 80' lang='grc' dir='ltr'>ἐν</span> <span class='ocrx_word' id='word_1_89' title='bbox 758 1451 795 1524; x_wconf 75' lang='grc' dir='ltr'>τδρ</span> <span class='ocrx_word' id='word_1_90' title='bbox 809 1444 901 1524; x_wconf 84' lang='grc' dir='ltr'>νάσῳ</span> <span class='ocrx_word' id='word_1_91' title='bbox 925 1441 978 1503; x_wconf 81' lang='grc' dir='ltr'>καὶ</span> <span class='ocrx_word' id='word_1_92' title='bbox 999 1437 1103 1510; x_wconf 83' lang='grc' dir='ltr'>τὰςέν</span> <span class='ocrx_word' id='word_1_93' title='bbox 1125 1451 1162 1522; x_wconf 65' lang='grc' dir='ltr'>τοζι</span> <span class='ocrx_word' id='word_1_94' title='bbox 1178 1437 1293 1524; x_wconf 78' lang='grc' dir='ltr'>ἀπείρῳ</span> <span class='ocrx_word' id='word_1_95' title='bbox 1310 1438 1384 1503; x_wconf 80' lang='grc' dir='ltr'>ἀνα·</span> 
     </span>
     <span class='ocr_line' id='line_1_11' title="bbox 162 1544 1384 1640; baseline -0.001 -28"><span class='ocrx_word' id='word_1_96' title='bbox 162 1552 274 1634; x_wconf 83' lang='grc' dir='ltr'>γράψαι</span> <span class='ocrx_word' id='word_1_97' title='bbox 297 1554 399 1640; x_wconf 79' lang='grc' dir='ltr'>πάσας</span> <span class='ocrx_word' id='word_1_98' title='bbox 422 1545 492 1633; x_wconf 78' lang='grc' dir='ltr'>(Βν.</span> <span class='ocrx_word' id='word_1_99' title='bbox 517 1549 606 1612; x_wconf 80' lang='lat' dir='ltr'>Mus.</span> <span class='ocrx_word' id='word_1_100' title='bbox 631 1568 664 1610; x_wconf 90' lang='lat' dir='ltr'>n.</span> <span class='ocrx_word' id='word_1_101' title='bbox 697 1544 783 1632; x_wconf 79' lang='lat'>351).</span> <span class='ocrx_word' id='word_1_102' title='bbox 831 1544 1009 1629; x_wconf 82' lang='lat' dir='ltr'>Oatalogus</span> <span class='ocrx_word' id='word_1_103' title='bbox 1035 1551 1147 1610; x_wconf 82' lang='lat' dir='ltr'>autem</span> <span class='ocrx_word' id='word_1_104' title='bbox 1175 1545 1384 1611; x_wconf 87' lang='lat' dir='ltr'>Rhodiomm</span> 
     </span>
     <span class='ocr_line' id='line_1_12' title="bbox 161 1651 1383 1739; baseline -0.002 -21"><span class='ocrx_word' id='word_1_105' title='bbox 161 1654 417 1739; x_wconf 75' lang='lat' dir='ltr'>magistratuum</span> <span class='ocrx_word' id='word_1_106' title='bbox 445 1675 466 1718; x_wconf 91' lang='lat' dir='ltr'>a</span> <span class='ocrx_word' id='word_1_107' title='bbox 492 1652 631 1718; x_wconf 86' lang='lat' dir='ltr'>Roehlio</span> <span class='ocrx_word' id='word_1_108' title='bbox 655 1653 703 1718; x_wconf 88' lang='lat' dir='ltr'>M.</span> <span class='ocrx_word' id='word_1_109' title='bbox 733 1675 761 1718; x_wconf 87' lang='grc' dir='ltr'>α.</span> <span class='ocrx_word' id='word_1_110' title='bbox 787 1655 860 1718; x_wconf 75' lang='lat' dir='ltr'>Ata.</span> <span class='ocrx_word' id='word_1_111' title='bbox 882 1651 926 1732; x_wconf 86' lang='lat' dir='ltr'>II,</span> <span class='ocrx_word' id='word_1_112' title='bbox 950 1673 981 1736; x_wconf 84' lang='lat' dir='ltr'>p.</span> <span class='ocrx_word' id='word_1_113' title='bbox 1007 1653 1072 1716; x_wconf 77' lang='lat'>225</span> <span class='ocrx_word' id='word_1_114' title='bbox 1095 1651 1268 1736; x_wconf 87' lang='lat' dir='ltr'>evulgatus</span> <span class='ocrx_word' id='word_1_115' title='bbox 1295 1671 1383 1736; x_wconf 90' lang='lat' dir='ltr'>prae·</span> 
     </span>
     <span class='ocr_line' id='line_1_13' title="bbox 160 1755 1380 1846; baseline 0 -22"><span class='ocrx_word' id='word_1_116' title='bbox 160 1767 266 1826; x_wconf 86' lang='lat' dir='ltr'>torem</span> <span class='ocrx_word' id='word_1_117' title='bbox 288 1761 428 1826; x_wconf 82' lang='lat' dir='ltr'>Peraeae</span> <span class='ocrx_word' id='word_1_118' title='bbox 451 1759 551 1825; x_wconf 88' lang='lat' dir='ltr'>fuisse</span> <span class='ocrx_word' id='word_1_119' title='bbox 565 1759 769 1846; x_wconf 85' lang='lat' dir='ltr'>praefectum</span> <span class='ocrx_word' id='word_1_120' title='bbox 792 1765 932 1824; x_wconf 87' lang='lat' dir='ltr'>testatur</span> <span class='ocrx_word' id='word_1_121' title='bbox 950 1755 1128 1843; x_wconf 79' lang='grc' dir='ltr'>(στραταγὸς</span> <span class='ocrx_word' id='word_1_122' title='bbox 1145 1757 1193 1822; x_wconf 81' lang='grc' dir='ltr'>ἐπὶ</span> <span class='ocrx_word' id='word_1_123' title='bbox 1211 1762 1245 1822; x_wconf 83' lang='grc' dir='ltr'>τὸ</span> <span class='ocrx_word' id='word_1_124' title='bbox 1268 1756 1380 1844; x_wconf 80' lang='grc' dir='ltr'>πέραν).</span> 
     </span>
     <span class='ocr_line' id='line_1_14' title="bbox 163 1863 1384 1952; baseline 0 -22"><span class='ocrx_word' id='word_1_125' title='bbox 163 1865 266 1931; x_wconf 84' lang='lat' dir='ltr'>Cuius</span> <span class='ocrx_word' id='word_1_126' title='bbox 279 1866 417 1952; x_wconf 88' lang='lat' dir='ltr'>imperio</span> <span class='ocrx_word' id='word_1_127' title='bbox 432 1864 571 1931; x_wconf 87' lang='lat' dir='ltr'>subiecti</span> <span class='ocrx_word' id='word_1_128' title='bbox 582 1864 738 1932; x_wconf 88' lang='lat' dir='ltr'>videntur</span> <span class='ocrx_word' id='word_1_129' title='bbox 749 1865 807 1950; x_wconf 91' lang='lat' dir='ltr'>qui</span> <span class='ocrx_word' id='word_1_130' title='bbox 818 1865 854 1928; x_wconf 89' lang='lat' dir='ltr'>in</span> <span class='ocrx_word' id='word_1_131' title='bbox 870 1865 985 1930; x_wconf 90' lang='lat' dir='ltr'>eodem</span> <span class='ocrx_word' id='word_1_132' title='bbox 999 1863 1157 1929; x_wconf 88' lang='lat' dir='ltr'>laterculo</span> <span class='ocrx_word' id='word_1_133' title='bbox 1168 1863 1384 1950; x_wconf 81' lang='lat' dir='ltr'>perhibentur</span> 
     </span>
     <span class='ocr_line' id='line_1_15' title="bbox 162 1969 1032 2059; baseline -0.001 -23"><span class='ocrx_word' id='word_1_134' title='bbox 162 1971 282 2059; x_wconf 82' lang='grc' dir='ltr'>ἁγεμὼν</span> <span class='ocrx_word' id='word_1_135' title='bbox 306 1971 354 2036; x_wconf 77' lang='grc' dir='ltr'>ἐπὶ</span> <span class='ocrx_word' id='word_1_136' title='bbox 377 1971 510 2046; x_wconf 73' lang='lat' dir='ltr'>Kedrea,</span> <span class='ocrx_word' id='word_1_137' title='bbox 535 1969 564 2037; x_wconf 87' lang='grc' dir='ltr'>ἁ.</span> <span class='ocrx_word' id='word_1_138' title='bbox 589 1972 613 2037; x_wconf 83' lang='grc' dir='ltr'>ἐ.</span> <span class='ocrx_word' id='word_1_139' title='bbox 638 1970 771 2056; x_wconf 76' lang='grc' dir='ltr'>Καρίας,</span> <span class='ocrx_word' id='word_1_140' title='bbox 796 1969 825 2036; x_wconf 85' lang='grc' dir='ltr'>ά.</span> <span class='ocrx_word' id='word_1_141' title='bbox 851 1971 875 2036; x_wconf 79' lang='grc' dir='ltr'>ἐ.</span> <span class='ocrx_word' id='word_1_142' title='bbox 899 1970 1032 2045; x_wconf 79' lang='grc' dir='ltr'>Λυκίας.</span> 
     </span>
    </p>

    <p class='ocr_par' dir='ltr' id='par_1_4' title="bbox 250 2077 694 2163">
     <span class='ocr_line' id='line_1_16' title="bbox 250 2077 694 2163; baseline 0.002 -21"><span class='ocrx_word' id='word_1_143' title='bbox 250 2077 343 2144; x_wconf 91' lang='lat' dir='ltr'>Haec</span> <span class='ocrx_word' id='word_1_144' title='bbox 366 2078 500 2163; x_wconf 89' lang='lat' dir='ltr'>quidem</span> <span class='ocrx_word' id='word_1_145' title='bbox 524 2079 694 2144; x_wconf 83' lang='lat' dir='ltr'>hactenus.</span> 
     </span>
    </p>
   </div>
   <div class='ocr_carea' id='block_1_3' title="bbox 691 2311 850 2318">
    <p class='ocr_par' dir='ltr' id='par_1_5' title="bbox 691 2311 850 2318">
     <span class='ocr_line' id='line_1_17' title="bbox 691 2311 850 2318; baseline 0 -1"><span class='ocrx_word' id='word_1_146' title='bbox 691 2311 850 2318; x_wconf 44' lang='grc' dir='ltr'>...κ-»-</span> 
     </span>
    </p>
   </div>
   <div class='ocr_carea' id='block_1_4' title="bbox 511 2529 899 2682">
    <p class='ocr_par' dir='ltr' id='par_1_6' title="bbox 511 2529 899 2682">
     <span class='ocr_line' id='line_1_18' title="bbox 511 2529 899 2682; baseline 0.01 -4"><span class='ocrx_word' id='word_1_147' title='bbox 511 2529 512 2534; x_wconf 12' lang='lat' dir='ltr'>i</span> <span class='ocrx_word' id='word_1_148' title='bbox 639 2549 803 2682; x_wconf 88' lang='lat' dir='ltr'>Pars</span> <span class='ocrx_word' id='word_1_149' title='bbox 843 2583 899 2682; x_wconf 92' lang='grc' dir='ltr'>Π.</span> 
     </span>
    </p>
   </div>
   <div class='ocr_carea' id='block_1_5' title="bbox 159 2791 1594 3844">
    <p class='ocr_par' dir='ltr' id='par_1_7' title="bbox 159 2791 1594 3202">
     <span class='ocr_line' id='line_1_19' title="bbox 248 2791 1591 2884; baseline 0.007 -21"><span class='ocrx_word' id='word_1_150' title='bbox 248 2799 288 2863; x_wconf 92' lang='lat' dir='ltr'>In</span> <span class='ocrx_word' id='word_1_151' title='bbox 312 2798 413 2864; x_wconf 88' lang='lat' dir='ltr'>altera</span> <span class='ocrx_word' id='word_1_152' title='bbox 440 2791 742 2884; x_wconf 83' lang='lat' dir='ltr'>disputatiunculae</span> <span class='ocrx_word' id='word_1_153' title='bbox 765 2819 859 2864; x_wconf 89' lang='lat' dir='ltr'>meae</span> <span class='ocrx_word' id='word_1_154' title='bbox 881 2804 974 2883; x_wconf 82' lang='lat' dir='ltr'>pa1te</span> <span class='ocrx_word' id='word_1_155' title='bbox 988 2799 1193 2884; x_wconf 89' lang='lat' dir='ltr'>propositum</span> <span class='ocrx_word' id='word_1_156' title='bbox 1216 2799 1300 2864; x_wconf 91' lang='lat' dir='ltr'>mihi</span> <span class='ocrx_word' id='word_1_157' title='bbox 1321 2805 1380 2878; x_wconf 89' lang='lat' dir='ltr'>est,</span> <span class='ocrx_word' id='word_1_158' title='bbox 1390 2826 1421 2868; x_wconf 86' lang='grc' dir='ltr'>ιι.</span> <span class='ocrx_word' id='word_1_159' title='bbox 1430 2826 1591 2884; x_wconf 60' lang='lat' dir='ltr'>quanm.</span> 
     </span>
     <span class='ocr_line' id='line_1_20' title="bbox 159 2880 1594 2990; baseline 0.007 -22"><span class='ocrx_word' id='word_1_160' title='bbox 159 2911 199 2968; x_wconf 89' lang='lat' dir='ltr'>ut</span> <span class='ocrx_word' id='word_1_161' title='bbox 222 2923 387 2988; x_wconf 78' lang='lat' dir='ltr'>quaenam</span> <span class='ocrx_word' id='word_1_162' title='bbox 410 2904 513 2988; x_wconf 88' lang='lat' dir='ltr'>ipsius</span> <span class='ocrx_word' id='word_1_163' title='bbox 536 2903 652 2988; x_wconf 89' lang='lat' dir='ltr'>capitis</span> <span class='ocrx_word' id='word_1_164' title='bbox 676 2904 775 2980; x_wconf 84' lang='lat' dir='ltr'>fuerit</span> <span class='ocrx_word' id='word_1_165' title='bbox 798 2902 972 2989; x_wconf 86' lang='lat' dir='ltr'>disciplina</span> <span class='ocrx_word' id='word_1_166' title='bbox 997 2905 1133 2990; x_wconf 89' lang='lat' dir='ltr'>publica</span> <span class='ocrx_word' id='word_1_167' title='bbox 1154 2880 1594 2990; x_wconf 61' lang='lat' dir='ltr'>quantamquelll&#39;dlillrl‘l</span> 
     </span>
     <span class='ocr_line' id='line_1_21' title="bbox 160 2987 1531 3097; baseline 0.001 -21"><span class='ocrx_word' id='word_1_168' title='bbox 160 3009 454 3076; x_wconf 87' lang='lat' dir='ltr'>administrationis</span> <span class='ocrx_word' id='word_1_169' title='bbox 465 3015 596 3094; x_wconf 35' lang='lat' dir='ltr'>partem,</span> <span class='ocrx_word' id='word_1_170' title='bbox 609 3007 787 3074; x_wconf 85' lang='lat' dir='ltr'>habuerint</span> <span class='ocrx_word' id='word_1_171' title='bbox 797 3008 925 3075; x_wconf 83' lang='lat' dir='ltr'>incolae</span> <span class='ocrx_word' id='word_1_172' title='bbox 936 3017 969 3080; x_wconf 85' lang='lat' dir='ltr'>et</span> <span class='ocrx_word' id='word_1_173' title='bbox 979 3011 1235 3097; x_wconf 87' lang='lat' dir='ltr'>municipiorum</span> <span class='ocrx_word' id='word_1_174' title='bbox 1249 3012 1381 3091; x_wconf 81' lang='lat' dir='ltr'>Camiri,</span> <span class='ocrx_word' id='word_1_175' title='bbox 1445 2987 1531 3032; x_wconf 62' lang='lat'>&#39;⁰³³⁸&#39;</span> 
     </span>
     <span class='ocr_line' id='line_1_22' title="bbox 159 3101 1086 3202; baseline 0.001 -20"><span class='ocrx_word' id='word_1_176' title='bbox 159 3116 267 3196; x_wconf 86' lang='lat' dir='ltr'>Lindi,</span> <span class='ocrx_word' id='word_1_177' title='bbox 291 3116 391 3200; x_wconf 86' lang='lat' dir='ltr'>Ialysi</span> <span class='ocrx_word' id='word_1_178' title='bbox 414 3121 447 3180; x_wconf 90' lang='lat' dir='ltr'>et</span> <span class='ocrx_word' id='word_1_179' title='bbox 468 3115 654 3180; x_wconf 89' lang='lat' dir='ltr'>insularum</span> <span class='ocrx_word' id='word_1_180' title='bbox 679 3101 889 3190; x_wconf 72' lang='lat' dir='ltr'>subditarum</span> <span class='ocrx_word' id='word_1_181' title='bbox 913 3137 1086 3202; x_wconf 86' lang='lat' dir='ltr'>exponam.</span> 
     </span>
    </p>

    <p class='ocr_par' dir='ltr' id='par_1_8' title="bbox 159 3222 1384 3716">
     <span class='ocr_line' id='line_1_23' title="bbox 247 3222 1384 3318; baseline 0.002 -30"><span class='ocrx_word' id='word_1_182' title='bbox 247 3222 375 3288; x_wconf 88' lang='lat' dir='ltr'>Verum</span> <span class='ocrx_word' id='word_1_183' title='bbox 390 3229 504 3298; x_wconf 86' lang='lat' dir='ltr'>tamen</span> <span class='ocrx_word' id='word_1_184' title='bbox 527 3222 686 3307; x_wconf 91' lang='lat' dir='ltr'>quoniam</span> <span class='ocrx_word' id='word_1_185' title='bbox 702 3222 848 3287; x_wconf 85' lang='lat' dir='ltr'>maxime</span> <span class='ocrx_word' id='word_1_186' title='bbox 871 3222 912 3288; x_wconf 91' lang='lat' dir='ltr'>de</span> <span class='ocrx_word' id='word_1_187' title='bbox 927 3223 979 3288; x_wconf 90' lang='lat' dir='ltr'>his</span> <span class='ocrx_word' id='word_1_188' title='bbox 1002 3223 1101 3290; x_wconf 90' lang='lat' dir='ltr'>rebus</span> <span class='ocrx_word' id='word_1_189' title='bbox 1119 3224 1272 3318; x_wconf 89' lang='lat' dir='ltr'>homines</span> <span class='ocrx_word' id='word_1_190' title='bbox 1295 3225 1384 3292; x_wconf 89' lang='lat' dir='ltr'>docti</span> 
     </span>
     <span class='ocr_line' id='line_1_24' title="bbox 160 3327 1383 3417; baseline 0.003 -23"><span class='ocrx_word' id='word_1_191' title='bbox 160 3336 192 3394; x_wconf 88' lang='lat' dir='ltr'>et</span> <span class='ocrx_word' id='word_1_192' title='bbox 214 3337 343 3415; x_wconf 87' lang='lat' dir='ltr'>praeter</span> <span class='ocrx_word' id='word_1_193' title='bbox 365 3333 487 3394; x_wconf 89' lang='lat' dir='ltr'>ceteros</span> <span class='ocrx_word' id='word_1_194' title='bbox 513 3327 787 3394; x_wconf 85' lang='lat' dir='ltr'>Bottermundius</span> <span class='ocrx_word' id='word_1_195' title='bbox 815 3328 1050 3409; x_wconf 83' lang='lat' dir='ltr'>disseruemnt,</span> <span class='ocrx_word' id='word_1_196' title='bbox 1078 3330 1169 3417; x_wconf 86' lang='lat' dir='ltr'>ligna</span> <span class='ocrx_word' id='word_1_197' title='bbox 1200 3332 1235 3397; x_wconf 92' lang='lat' dir='ltr'>in</span> <span class='ocrx_word' id='word_1_198' title='bbox 1264 3332 1383 3399; x_wconf 87' lang='lat' dir='ltr'>silvam</span> 
     </span>
     <span class='ocr_line' id='line_1_25' title="bbox 160 3431 1382 3515; baseline 0.005 -16"><span class='ocrx_word' id='word_1_199' title='bbox 160 3431 286 3515; x_wconf 86' lang='lat' dir='ltr'>ferr&#39;em,</span> <span class='ocrx_word' id='word_1_200' title='bbox 312 3435 339 3500; x_wconf 88' lang='lat' dir='ltr'>si</span> <span class='ocrx_word' id='word_1_201' title='bbox 361 3456 430 3500; x_wconf 92' lang='lat' dir='ltr'>uno</span> <span class='ocrx_word' id='word_1_202' title='bbox 453 3441 565 3499; x_wconf 85' lang='lat' dir='ltr'>tenore</span> <span class='ocrx_word' id='word_1_203' title='bbox 588 3455 642 3500; x_wconf 88' lang='lat' dir='ltr'>eas</span> <span class='ocrx_word' id='word_1_204' title='bbox 666 3455 861 3501; x_wconf 87' lang='lat' dir='ltr'>enarrarem.</span> <span class='ocrx_word' id='word_1_205' title='bbox 909 3436 1019 3514; x_wconf 82' lang='lat' dir='ltr'>Quam</span> <span class='ocrx_word' id='word_1_206' title='bbox 1049 3438 1092 3503; x_wconf 91' lang='lat' dir='ltr'>ob</span> <span class='ocrx_word' id='word_1_207' title='bbox 1120 3459 1256 3504; x_wconf 87' lang='lat' dir='ltr'>causam</span> <span class='ocrx_word' id='word_1_208' title='bbox 1279 3439 1320 3504; x_wconf 91' lang='lat' dir='ltr'>de</span> <span class='ocrx_word' id='word_1_209' title='bbox 1342 3441 1382 3505; x_wconf 89' lang='lat' dir='ltr'>iis</span> 
     </span>
     <span class='ocr_line' id='line_1_26' title="bbox 161 3536 1380 3627; baseline 0.002 -19"><span class='ocrx_word' id='word_1_210' title='bbox 161 3549 300 3622; x_wconf 86' lang='lat' dir='ltr'>tantum,</span> <span class='ocrx_word' id='word_1_211' title='bbox 327 3562 412 3627; x_wconf 89' lang='lat' dir='ltr'>quac</span> <span class='ocrx_word' id='word_1_212' title='bbox 435 3562 536 3627; x_wconf 85' lang='lat' dir='ltr'>prave</span> <span class='ocrx_word' id='word_1_213' title='bbox 559 3547 617 3608; x_wconf 88' lang='lat' dir='ltr'>aut</span> <span class='ocrx_word' id='word_1_214' title='bbox 640 3543 751 3608; x_wconf 75' lang='lat' dir='ltr'>nunus</span> <span class='ocrx_word' id='word_1_215' title='bbox 774 3550 927 3609; x_wconf 87' lang='lat' dir='ltr'>accurate</span> <span class='ocrx_word' id='word_1_216' title='bbox 945 3550 1085 3609; x_wconf 84' lang='lat' dir='ltr'>tractata</span> <span class='ocrx_word' id='word_1_217' title='bbox 1110 3545 1193 3609; x_wconf 88' lang='lat' dir='ltr'>mihi</span> <span class='ocrx_word' id='word_1_218' title='bbox 1218 3536 1380 3625; x_wconf 87' lang='lat' dir='ltr'>videntur,</span> 
     </span>
     <span class='ocr_line' id='line_1_27' title="bbox 159 3641 731 3716; baseline -0.007 0"><span class='ocrx_word' id='word_1_219' title='bbox 159 3647 260 3716; x_wconf 86' lang='lat' dir='ltr'>verba</span> <span class='ocrx_word' id='word_1_220' title='bbox 282 3648 411 3713; x_wconf 88' lang='lat' dir='ltr'>faciam.</span> <span class='ocrx_word' id='word_1_221' title='bbox 727 3641 731 3648; x_wconf 75' lang='grc'><strong>’</strong></span> 
     </span>
    </p>

    <p class='ocr_par' dir='ltr' id='par_1_9' title="bbox 248 3754 1576 3844">
     <span class='ocr_line' id='line_1_28' title="bbox 248 3754 1576 3844; baseline 0.011 -26"><span class='ocrx_word' id='word_1_222' title='bbox 248 3754 398 3819; x_wconf 82' lang='lat' dir='ltr'>Primum</span> <span class='ocrx_word' id='word_1_223' title='bbox 424 3754 525 3840; x_wconf 84' lang='lat' dir='ltr'>igitur</span> <span class='ocrx_word' id='word_1_224' title='bbox 559 3754 756 3821; x_wconf 77' lang='lat' dir='ltr'>decanatus</span> <span class='ocrx_word' id='word_1_225' title='bbox 789 3761 821 3820; x_wconf 91' lang='lat' dir='ltr'>et</span> <span class='ocrx_word' id='word_1_226' title='bbox 849 3757 1057 3838; x_wconf 84' lang='lat' dir='ltr'>comitiorum</span> <span class='ocrx_word' id='word_1_227' title='bbox 1087 3764 1248 3843; x_wconf 84' lang='lat' dir='ltr'>potestate</span> <span class='ocrx_word' id='word_1_228' title='bbox 1275 3779 1382 3844; x_wconf 87' lang='lat' dir='ltr'>pauca</span> <span class='ocrx_word' id='word_1_229' title='bbox 1404 3787 1428 3838; x_wconf 70' lang='lat' dir='ltr'>a)</span> <span class='ocrx_word' id='word_1_230' title='bbox 1442 3792 1538 3830; x_wconf 69' lang='lat' dir='ltr'>senatus</span> <span class='ocrx_word' id='word_1_231' title='bbox 1552 3793 1576 3835; x_wconf 74' lang='grc' dir='ltr'>οι</span> 
     </span>
    </p>
   </div>
   <div class='ocr_carea' id='block_1_6' title="bbox 158 3841 1538 3925">
    <p class='ocr_par' dir='ltr' id='par_1_10' title="bbox 158 3841 1538 3925">
     <span class='ocr_line' id='line_1_29' title="bbox 158 3841 1538 3925; baseline -0.026 -1"><span class='ocrx_word' id='word_1_232' title='bbox 158 3859 366 3925; x_wconf 78' lang='lat' dir='ltr'>adnotemus,</span> <span class='ocrx_word' id='word_1_233' title='bbox 1435 3841 1538 3884; x_wconf 69' lang='lat' dir='ltr'>comitia.</span> 
     </span>
    </p>
   </div>
   <div class='ocr_carea' id='block_1_7' title="bbox 571 3928 1049 4036">
    <p class='ocr_par' dir='ltr' id='par_1_11' title="bbox 571 3928 1049 4036">
     <span class='ocr_line' id='line_1_30' title="bbox 571 3928 1049 4036; baseline -0.004 -1"><span class='ocrx_word' id='word_1_234' title='bbox 571 3965 724 4035; x_wconf 86' lang='lat' dir='ltr'>Senatus</span> <span class='ocrx_word' id='word_1_235' title='bbox 749 3969 787 4034; x_wconf 87' lang='lat' dir='ltr'>ct</span> <span class='ocrx_word' id='word_1_236' title='bbox 810 3968 971 4036; x_wconf 84' lang='lat' dir='ltr'>comitia.</span> <span class='ocrx_word' id='word_1_237' title='bbox 988 3952 998 3968; x_wconf 61' lang='lat'>⁵</span> <span class='ocrx_word' id='word_1_238' title='bbox 1046 3928 1049 3934; x_wconf 69' lang='lat'>‚</span> 
     </span>
    </p>
   </div>
   <div class='ocr_carea' id='block_1_8' title="bbox 159 4107 1585 4620">
    <p class='ocr_par' dir='ltr' id='par_1_12' title="bbox 159 4107 1585 4620">
     <span class='ocr_line' id='line_1_31' title="bbox 246 4107 1585 4198; baseline 0.006 -27"><span class='ocrx_word' id='word_1_239' title='bbox 246 4107 448 4193; x_wconf 84' lang='lat' dir='ltr'>Priusquam</span> <span class='ocrx_word' id='word_1_240' title='bbox 479 4115 591 4174; x_wconf 88' lang='lat' dir='ltr'>autem</span> <span class='ocrx_word' id='word_1_241' title='bbox 622 4110 730 4196; x_wconf 85' lang='lat' dir='ltr'>ipsam</span> <span class='ocrx_word' id='word_1_242' title='bbox 760 4109 848 4175; x_wconf 89' lang='lat' dir='ltr'>hanc</span> <span class='ocrx_word' id='word_1_243' title='bbox 879 4111 1107 4196; x_wconf 88' lang='lat' dir='ltr'>quaestionem</span> <span class='ocrx_word' id='word_1_244' title='bbox 1140 4112 1480 4198; x_wconf 78' lang='lat' dir='ltr'>aggrediamur,n0men</span> <span class='ocrx_word' id='word_1_245' title='bbox 1494 4150 1585 4189; x_wconf 71' lang='lat' dir='ltr'>senam</span> 
     </span>
     <span class='ocr_line' id='line_1_32' title="bbox 159 4206 1519 4300; baseline 0.002 -20"><span class='ocrx_word' id='word_1_246' title='bbox 159 4213 273 4298; x_wconf 89' lang='lat' dir='ltr'>paucis</span> <span class='ocrx_word' id='word_1_247' title='bbox 297 4235 436 4300; x_wconf 85' lang='lat' dir='ltr'>agamus</span> <span class='ocrx_word' id='word_1_248' title='bbox 460 4215 500 4281; x_wconf 91' lang='lat' dir='ltr'>de</span> <span class='ocrx_word' id='word_1_249' title='bbox 524 4221 713 4282; x_wconf 87' lang='lat' dir='ltr'>senatorum</span> <span class='ocrx_word' id='word_1_250' title='bbox 736 4217 881 4282; x_wconf 87' lang='lat' dir='ltr'>nomine.</span> <span class='ocrx_word' id='word_1_251' title='bbox 928 4217 1015 4282; x_wconf 88' lang='lat' dir='ltr'>Nam</span> <span class='ocrx_word' id='word_1_252' title='bbox 1043 4218 1287 4283; x_wconf 82' lang='lat' dir='ltr'>Bottermundii</span> <span class='ocrx_word' id='word_1_253' title='bbox 1313 4208 1397 4285; x_wconf 60' lang='lat' dir='ltr'>sen!</span> <span class='ocrx_word' id='word_1_254' title='bbox 1459 4206 1519 4240; x_wconf 51' lang='grc' dir='ltr'>Μ’·</span> 
     </span>
     <span class='ocr_line' id='line_1_33' title="bbox 162 4321 1385 4411; baseline 0.005 -27"><span class='ocrx_word' id='word_1_255' title='bbox 162 4322 310 4411; x_wconf 82' lang='lat' dir='ltr'>tentiam,</span> <span class='ocrx_word' id='word_1_256' title='bbox 335 4321 394 4408; x_wconf 92' lang='lat' dir='ltr'>qui</span> <span class='ocrx_word' id='word_1_257' title='bbox 408 4321 615 4387; x_wconf 86' lang='lat' dir='ltr'>Rhodiorum</span> <span class='ocrx_word' id='word_1_258' title='bbox 632 4327 797 4388; x_wconf 86' lang='lat' dir='ltr'>senatores</span> <span class='ocrx_word' id='word_1_259' title='bbox 812 4329 888 4409; x_wconf 86' lang='lat' dir='ltr'>post</span> <span class='ocrx_word' id='word_1_260' title='bbox 899 4322 1060 4389; x_wconf 83' lang='lat' dir='ltr'>Rhodum</span> <span class='ocrx_word' id='word_1_261' title='bbox 1078 4323 1246 4390; x_wconf 87' lang='lat' dir='ltr'>conditam</span> <span class='ocrx_word' id='word_1_262' title='bbox 1261 4346 1385 4390; x_wconf 92' lang='lat' dir='ltr'>nomen</span> 
     </span>
     <span class='ocr_line' id='line_1_34' title="bbox 162 4428 1384 4516; baseline 0.004 -26"><span class='ocrx_word' id='word_1_263' title='bbox 162 4433 359 4493; x_wconf 85' lang='lat' dir='ltr'>mastrorum</span> <span class='ocrx_word' id='word_1_264' title='bbox 376 4428 550 4494; x_wconf 87' lang='lat' dir='ltr'>retinuisse</span> <span class='ocrx_word' id='word_1_265' title='bbox 564 4428 740 4508; x_wconf 82' lang='lat' dir='ltr'>existimat,</span> <span class='ocrx_word' id='word_1_266' title='bbox 764 4429 894 4494; x_wconf 80' lang='lat' dir='ltr'>futilem</span> <span class='ocrx_word' id='word_1_267' title='bbox 910 4451 980 4495; x_wconf 89' lang='lat' dir='ltr'>esse</span> <span class='ocrx_word' id='word_1_268' title='bbox 995 4451 1120 4495; x_wconf 81' lang='lat' dir='ltr'>censeo,</span> <span class='ocrx_word' id='word_1_269' title='bbox 1157 4431 1272 4516; x_wconf 92' lang='lat' dir='ltr'>Neque</span> <span class='ocrx_word' id='word_1_270' title='bbox 1295 4432 1384 4496; x_wconf 88' lang='lat' dir='ltr'>enim</span> 
     </span>
     <span class='ocr_line' id='line_1_35' title="bbox 162 4533 1384 4620; baseline 0.006 -24"><span class='ocrx_word' id='word_1_271' title='bbox 162 4553 311 4617; x_wconf 90' lang='lat' dir='ltr'>unquam</span> <span class='ocrx_word' id='word_1_272' title='bbox 335 4535 370 4600; x_wconf 92' lang='lat' dir='ltr'>in</span> <span class='ocrx_word' id='word_1_273' title='bbox 387 4535 492 4600; x_wconf 86' lang='lat' dir='ltr'>titulis</span> <span class='ocrx_word' id='word_1_274' title='bbox 516 4555 554 4600; x_wconf 90' lang='lat' dir='ltr'>ea</span> <span class='ocrx_word' id='word_1_275' title='bbox 570 4534 764 4620; x_wconf 86' lang='lat' dir='ltr'>significatio</span> <span class='ocrx_word' id='word_1_276' title='bbox 787 4534 832 4598; x_wconf 91' lang='lat' dir='ltr'>ad</span> <span class='ocrx_word' id='word_1_277' title='bbox 847 4533 1052 4601; x_wconf 85' lang='lat' dir='ltr'>denotandus</span> <span class='ocrx_word' id='word_1_278' title='bbox 1070 4535 1277 4601; x_wconf 86' lang='lat' dir='ltr'>Rhodiorum</span> <span class='ocrx_word' id='word_1_279' title='bbox 1294 4557 1384 4603; x_wconf 89' lang='lat' dir='ltr'>sena·</span> 
     </span>
    </p>
   </div>
   <div class='ocr_carea' id='block_1_9' title="bbox 0 0 1654 5142">
    <p class='ocr_par' dir='ltr' id='par_1_13' title="bbox 0 0 1654 5142">
     <span class='ocr_line' id='line_1_36' title="bbox 0 0 1654 5142; baseline 0 2"><span class='ocrx_word' id='word_1_280' title='bbox 0 0 1654 5142; x_wconf 95' lang='lat' dir='ltr'> </span> 
     </span>
    </p>
   </div>
  </div>
 </body>
</html>
