3300 5142
773 397 994 462 ...22-

274 591 660 660 Doriciscommunibus
683 593 874 660 invenimus
896 591 1057 671 instituta,
1082 610 1168 677 quae
1183 590 1390 677 praevalidae
1404 589 1494 658 illius

273 697 530 764 Atheniensium
552 698 755 765 auctoritatis
777 697 983 783 temporibus
1001 703 1073 762 orta
1087 718 1157 762 esse
1172 697 1268 762 facile
1281 697 1490 782 intellegitur.

273 804 387 872 Veluti
410 804 611 870 vocabulum
635 806 733 891 δᾶμος
756 803 872 869 eodem
891 810 1000 883 seusu,
1025 824 1093 888 quo
1107 804 1210 870 Attici
1224 803 1413 884 utebantur,
1438 804 1511 870 ad·'

273 912 418 977 bibitum
442 911 542 976 ctiam
564 912 599 976 in
615 910 752 998 Aegina,
780 910 836 990 Oo,
854 909 1017 995 ,Calymna
1035 911 1155 976 insulis
1170 910 1340 977 invenitur
1357 902 1408 996 (cf.
1427 909 1492 975 Gil-

273 1019 354 1098 bert,
379 1015 574 1084 Handbuch
589 1017 630 1083 11.
655 1039 686 1103 p.
709 1018 772 1082 308
796 1016 873 1082 adn.
894 1017 926 1097 1,
952 1017 1011 1081 ubi
1033 1023 1148 1082 tamen
1170 1016 1259 1083 tituli
1282 1015 1420 1081 minime
1442 1036 1492 1080 ac-

274 1131 387 1190 curate
414 1128 494 1188 sunt
521 1122 688 1209 congesti).
737 1122 865 1200 Quodsi
892 1123 1009 1188 eadem
1034 1124 1210 1209 appellatio
1237 1123 1337 1188 etiam
1359 1122 1396 1186 in
1419 1121 1493 1188 Car·

274 1230 388 1318 pathio
410 1227 520 1315 lapide
547 1229 689 1294 occurrit
710 1225 761 1314 (cf.
783 1227 860 1293 Rev.
885 1230 971 1295 arch.
1008 1230 1092 1294 1863
1115 1229 1158 1294 Π.
1191 1251 1222 1314 p.
1245 1231 1339 1312 47118
1366 1257 1407 1282 --
1432 1229 1491 1297 Br.

215 1376 217 1380 ·
275 1339 363 1403 Mus.
379 1358 412 1401 n.
429 1319 534 1420 3641),
559 1333 712 1401 dubitare
733 1355 921 1420 possumus,
946 1340 1060 1400 utrum
1076 1334 1333 1400 Atheniensium
1356 1336 1493 1402 auctori·

273 1450 341 1509 tute
361 1463 405 1508 an
428 1441 645 1518 Rhodiorum,
670 1461 753 1525 quos
770 1440 975 1526 Carpathum
1002 1441 1038 1506 in
1062 1461 1142 1506 suae
1164 1441 1305 1507 civitatis
1327 1441 1492 1510 ambitum

273 1547 432 1635 recepisse
454 1547 608 1626 vidimus
634 1548 676 1612 sit
699 1547 886 1612 constituta.
995 1558 1001 1572 '

95 1661 243 1735 11001111.
278 1672 280 1681 ·
362 1653 490 1719 Verum
506 1655 605 1719 etiam
622 1653 759 1718 alteram
774 1651 1149 1719 illamdistributionem
1165 1654 1319 1738 gentium
1333 1655 1495 1723 rationem

274 1760 453 1826 habentem
485 1761 521 1826 in
543 1759 739 1825 Lindiorum
769 1759 901 1826 civitate
914 1827 918 1832 ,
931 1765 1125 1846 usurpatam
1155 1781 1227 1826 esse
1257 1746 1378 1826 docent
1407 1759 1496 1830 tituli

275 1869 334 1933 Br.
352 1869 440 1933 Mus.
452 1889 483 1932 n.
503 1867 654 1932 345111.
671 1869 700 1931 1.
716 1865 774 1931 IX.
792 1887 823 1952 p.
845 1867 917 1945 110,
934 1866 971 1930 in
987 1864 1110 1952 quibus
1124 1873 1295 1952 patrarum
1307 1866 1345 1932 fit
1359 1867 1493 1935 mentio.

85 1979 120 2055 [1)
138 1983 257 2052 acervat]
363 1973 491 2058 Deinde
503 1980 616 2038 autem
632 1979 670 2038 ut
685 1972 775 2058 apud
792 1957 1048 2038 0110110011·-
1066 1973 1198 2037 namin
1214 1972 1334 2038 horum
1350 1964 1494 2040 solorum

276 2080 401 2148 finibus
428 2079 540 2146 adhuc
567 2079 797 2164 inscriptiones
825 2079 1013 2145 ctoinarum
1034 2079 1241 2144 mentionem
1264 2079 1421 2146 facientes
1449 2069 1495 2145 in·

275 2194 394 2255 ventae
422 2192 501 2254 sunt
524 2223 581 2265 -‚
611 2186 657 2250 sic
680 2185 781 2251 etiam
804 2184 896 2271 apud
918 2184 1055 2250 Lindios
1083 2191 1116 2250 et
1142 2184 1281 2270 Ialysios
1310 2187 1495 2254 ctoinarurn

276 2293 523 2379 discriptionem
555 2291 740 2358 adhibitam
776 2313 847 2356 esse
877 2291 969 2356 hisce
1001 2293 1207 2376 argumentis
1240 2292 1377 2358 fortasse
1411 2293 1496 2362 effici

275 2407 391 2487 potest.
438 2400 550 2484 Atque
577 2399 725 2484 primm
752 2397 888 2482 quidem
917 2418 958 2461 ex
985 2397 1095 2463 verbis
1119 2397 1209 2463 tituli
1232 2400 1292 2463 Br.
1317 2401 1405 2465 Mus.
1431 2402 1493 2468 351

227 2531 229 2538 ’
265 2512 331 2580 ’τὰς
354 2511 477 2578 accione
500 2511 557 2578 τὰς
580 2503 743 2591 Καμιρὲων
767 2511 800 2569 01
822 2508 902 2582 κατὰ
926 2507 975 2568 τὸν
999 2509 1088 2591 νόμον
1104 2508 1153 2568 τὸν
1169 2516 1227 2569 τῶν
1247 2501 1373 2571 Ῥοδίων
1396 2507 1494 2574 etiam

274 2614 418 2698 reliques
441 2611 552 2678 Rhodi
575 2611 673 2678 urbes
697 2611 823 2676 ctoinas
845 2609 1003 2676 habuisse
1025 2610 1195 2697 probabile
1214 2611 1354 2678 videtur.
1400 2612 1493 2678 Tunc

243 2745 246 2756 ·
276 2725 388 2785 autem
411 2718 571 2805 quoniam
598 2717 688 2804 apud
716 2716 853 2783 Lindios
881 2735 1014 2802 quoque
1036 2717 1152 2782 mastri
1172 2717 1209 2782 in
1231 2739 1371 2784 munere
1392 2728 1493 2799 erant,

276 2847 331 2890 eos
355 2825 470 2890 cadem
501 2826 637 2906 ratione,
662 2845 730 2910 qua
752 2823 969 2902 Oarnirenses,
1003 2823 1122 2889 electos
1154 2845 1224 2890 esse
1256 2831 1289 2890 et
1310 2845 1369 2911 per
1391 2847 1426 2891 se
1449 2832 1499 2895 est

277 2939 538 3008 consentaneum
560 2939 593 2998 et
619 2929 727 2998 verbis
756 2935 836 2996 κατὰ
859 2934 909 2996 τὸν
931 2935 1022 3016 νόμον
1040 2934 1090 2996 τὸν
1111 2943 1168 2996 τῶν
1185 2928 1310 2996 Ῥοδίων
1333 2952 1498 2998 commen·

277 3021 383 3103 datur.
430 3037 584 3122 Denique
606 3059 683 3104 vero
706 3036 796 3122 quod
820 3037 913 3101 etin
936 3034 1102 3123 Carpatho
1124 3037 1236 3103 insula
1257 3037 1386 3104 ctoinae
1407 3038 1499 3104 insti-

264 3150 367 3209 tutae
391 3144 534 3224 tuerunt,
559 3143 652 3208 illam
674 3142 873 3208 divisionem
901 3163 959 3228 per
981 3143 1109 3207 ctoinas
1136 3143 1260 3208 factam
1287 3145 1387 3209 totius
1410 3144 1497 3210 Rho

277 3251 407 3316 diorum
440 3236 581 3317 civitatis
614 3249 781 3335 propriam
813 3249 916 3313 fuisse
951 3249 1103 3314 conicias.
1161 3248 1254 3315 Haec
1286 3249 1421 3335 quidem
1454 3248 1498 3316 de

278 3356 389 3422 Lindii
411 3356 526 3442 populi
550 3354 770 3421 distribuendi
791 3353 985 3419 rationibus.

366 3463 437 3528 Iam
461 3463 644 3541 videamus
669 3460 839 3547 quomodo
862 3460 1002 3526 Lindiae
1025 3461 1166 3528 civitatis
1194 3482 1246 3527 res
1268 3461 1419 3546 publicae
1441 3462 1498 3528 ad·

277 3571 483 3636 ministratae
506 3569 581 3634 sint.

365 3675 476 3761 Atque
498 3676 644 3761 primum
672 3693 758 3760 quae
790 3679 925 3738 senatus
947 3673 1128 3759 populique
1157 3673 1256 3739 fuerit
1282 3679 1427 3760 potestas
1450 3675 1498 3742 in·

185 3761 196 3780 ⁹
278 3782 448 3868 degemus.

68 3898 176 3967 bium
186 3907 270 3960 popm
366 3888 498 3953 Praeter
520 3894 642 3952 ceteros
658 3887 771 3952 titulos
794 3886 961 3973 praevalet
974 3886 1144 3972 inscriptio
1167 3888 1225 3952 Br.
1250 3889 1339 3953 llius,
1364 3909 1396 3953 n.
1422 3889 1496 3965 357,

42 4059 48 4069 ,
72 3970 513 4080 ωηο01.1,”“””(111011111111011.
529 3996 572 4059 24
583 3993 816 4060 exscribemus.
843 3993 919 4072 Qua
930 3993 1045 4058 11100111
1058 4013 1127 4057 una
1139 4013 1217 4057 cum
1229 3993 1354 4078 populo
1363 3994 1498 4079 triginta

112 4107 231 4180 μάοτροι.
276 4101 340 4166 illis
364 4099 557 4165 hominibus
580 4099 621 4164 de
636 4099 833 4165 Lindiorum
857 4100 988 4164 civitate
1011 4097 1135 4183 optime
1157 4100 1291 4180 meritis,
1318 4101 1377 4186 qui
1399 4100 1497 4168 creati

278 4212 384 4286 erant,
419 4213 458 4271 ut
491 4227 560 4272 una
587 4227 664 4272 cum
698 4206 845 4293 epistatis
872 4206 945 4271 lites
974 4204 1192 4270 diiudicarent
1223 4204 1498 4290 (οοναγωνίξαοδαι

241 4314 244 4320 ’
278 4323 344 4384 ταῖς
369 4311 489 4398 δίκαις),
513 4313 654 4390 honores
677 4314 893 4379 constituunt.
927 4313 999 4378 Iam
1028 4312 1302 4378 Bottcrmundius
1325 4313 1387 4376 hos
1409 4313 1498 4398 ipsos

368 4551 387 4618 ¹)
403 4553 439 4604 In
462 4553 561 4605 eodem
586 4553 668 4605 titulo
691 4554 775 4620 cives,
798 4554 847 4619 qui
866 4568 938 4619 pago
962 4553 1150 4619 continentur,
1174 4552 1357 4604 nominantur
1376 4550 1498 4619 δαμεταὶ.
