3300 5142
634 329 946 443 ι-στέ

260 569 390 648 Quibus
419 571 576 657 expositis
602 577 717 650 restat,
746 578 784 638 ut
811 569 853 636 de
875 568 983 636 verbis
1010 565 1122 632 Lindii
1150 564 1239 631 illius
1267 556 1597 652 decretioeversaaapo-

136 674 139 680 ’
169 673 366 760 θωρωθέντος
381 678 469 744 τοῦδε
485 688 536 742 τοῦ
548 683 753 765 ψαφίσματος,
771 697 857 763 quae
872 675 1003 760 saepius
1016 673 1052 738 in
1063 670 1203 737 Rhodiis
1218 671 1323 736 titulis
1337 691 1387 737 oc·
1400 652 1498 793 {22⁰2
1513 651 1594 776 ἶζυῗ

170 789 310 850 currunt
332 803 441 868 neque
463 767 643 850 tamenab
670 783 865 850 hominibus
887 780 992 848 doctis
1021 785 1108 845 recte
1135 777 1297 864 explicata
1319 745 1409 844 esset
1468 743 1522 856 cod.
1547 743 1565 791 μ

173 887 255 954 mihi
270 888 441 970 ridentur,
466 890 652 958 accuratius
674 911 782 978 agam.
828 890 941 975 Atque
963 908 1041 954 cum
1069 905 1173 970 quam
1199 883 1391 969 longissime

172 995 350 1062 hominum
373 996 555 1062 sententiae
578 994 619 1062 de
642 1017 681 1062 ca
703 1002 833 1082 κυρώσει
856 993 1037 1073 discedant,
1061 1012 1080 1058 e
1102 1012 1137 1057 re
1159 991 1220 1056 erit
1243 990 1391 1077 singulos

102 1120 105 1128 ¹
169 1087 294 1182 titulos,
319 1123 360 1168 ex
383 1102 505 1189 quibus
527 1101 654 1188 aliquid
677 1102 718 1168 de
736 1108 856 1200 natura
879 1102 950 1168 eius
965 1098 1051 1166 effici
1065 1103 1182 1186 potest,
1199 1117 1389 1183 proponere.

170 1205 293 1274 Nostra
307 1201 408 1296 igitur
421 1209 634 1295 inscriptione
657 1209 839 1295 accipimus
862 1206 991 1274 decreto
1014 1203 1062 1272 illi
1083 1209 1237 1271 asenatu
1258 1200 1392 1290 populo·

172 1335 240 1398 que
261 1313 457 1381 Lindiorum
481 1313 522 1380 dc
545 1315 762 1402 ohoregorum
785 1314 948 1380 creatione
979 1312 1146 1399 proposito
1175 1330 1260 1396 opus
1291 1308 1393 1374 fuisse

164 1417 286 1504 aliqua
318 1421 575 1508 confirmatione.
625 1421 674 1486 Ac
705 1421 905 1488 conveniens
937 1426 987 1486 est
1001 1418 1192 1488 ‚hominum
1219 1415 1391 1482 doctorum

141 1613 143 1620 y
172 1524 286 1611 opinio
309 1532 460 1594 statuens
482 1527 571 1594 hanc
586 1547 607 1592 a
621 1525 761 1592 Rhodiis
784 1526 926 1592 comitiis
943 1523 974 1604 (ὁ
997 1527 1119 1611 σι’)μπας
1142 1520 1252 1610 δᾶμος)
1274 1542 1392 1608 pepen-

172 1629 270 1696 disse.
322 1631 451 1700 Verum
477 1633 506 1699 si
532 1632 597 1704 hoc
626 1632 808 1712 sumimuS,
839 1633 964 1699 mirum
986 1651 1067 1697 sane
1089 1630 1230 1710 videtur,
1254 1649 1393 1695 cumam

172 1735 298 1827 Rhodii
320 1737 541 1825 plebiscitum,
565 1737 656 1824 quod
679 1759 720 1804 ex
741 1737 890 1825 ipsorum
905 1738 1100 1804 auctoritate
1115 1744 1184 1802 erat
1198 1736 1392 1822 profectum,

173 1843 370 1909 confirmare
393 1843 577 1911 debuerint.
1064 1911 1067 1917 ,

260 1949 357 2016 Alius
380 1949 532 2016 Rhodius
555 1949 673 2016 titulus
696 1956 746 2018 est
766 1953 794 2034 j.
820 1954 857 2033 of
874 1953 903 2017 b.
927 1958 966 2019 st.
986 1951 1028 2018 II.
1046 1973 1077 2037 p.
1096 1951 1161 2016 356
1177 1949 1237 2016 ubi
1251 1948 1392 2035 legimus

110 2103 114 2114 .
170 2059 366 2139 κυρωθέντος
395 2057 428 2121 δὲ
455 2067 507 2122 τοῦ
535 2061 730 2145 ψαρίσματος
758 2055 786 2122 οἱ
809 2055 1003 2122 ἐπιστάται..
1017 2105 1046 2121 ..
1064 2055 1311 2143 ἐπιμεληθέντων
1339 2067 1395 2128 τᾶς

172 2160 552 2248 στεφανώσιος....θπως
585 2159 636 2230 οἷον
665 2169 719 2229 καὶ
742 2160 787 2236 εἷς
810 2168 860 2230 τὸν
884 2169 961 2250 μετὰ
982 2174 1077 2230 ταῦτα
1100 2170 1209 2251 χρόνον
1232 2167 1349 2249 φανερὰ
1372 2185 1393 2247 μ

171 2271 213 2334 τὰ
241 2269 384 2346 δόξαντα,
412 2267 585 2335 Electren
612 2267 791 2335 ἑλέσθωσαν
820 2255 927 2353 ἄνδραζ
950 2267 966 2333 ὁ
991 2272 1024 2334 δὲ
1048 2267 1187 2354 αἱρεθεὶς
1210 2267 1394 2356 αἰτησάσθω

169 2377 225 2439 τὰν
253 2376 364 2458 βουλᾶν
392 2379 445 2440 καὶ
471 2379 521 2441 τὸν
551 2378 646 2463 δᾶμον
676 2378 823 2442 δεδόσθαι
850 2373 1040 2450 Εθθαλίδαις
1064 2374 1257 2458 coerceam
1271 2374 1395 2448 ..ἔδοξε

169 2491 210 2564 τομ
234 2481 330 2566 poulo}
353 2485 406 2545 καὶ
429 2494 470 2568 τῷ
487 2483 593 2568 δάμῳ.
607 2530 614 2547 .
626 2531 633 2546 .
647 2532 653 2547 .
666 2484 852 2549 δεδόσθαι..
865 2479 1061 2548 ,Εθθαλιδᾶν
1077 2494 1119 2568 τῷ
1135 2470 1230 2579 serap
1242 2480 1396 2570 ἐπαινέσαι

172 2591 228 2651 καὶ
252 2583 442 2675 στεφανῶσαι
453 2637 460 2654 .
473 2638 481 2654 .
493 2589 658 2677 ἀναθέμειν
683 2591 716 2655 δὲ
740 2595 793 2656 καὶ
817 2594 930 2656 στάλαν
953 2589 984 2656 ἐν
1000 2589 1031 2654 Ν
1033 2595 1132 2675 εττείορ
1147 2587 1178 2654 ἐν
1194 2569 1235 2674 τῷ
1252 2587 1325 2674 ἱερῷ
1344 2598 1397 2653 τοῦ

171 2691 246 2765 Διὸς
257 2705 308 2759 τοῦ
325 2692 497 2780 Πατρωΐοο.
526 2697 655 2782 Egebat
665 2697 767 2783 igitur
777 2697 862 2764 illud
873 2696 1131 2764 Euthalidarum
1143 2695 1331 2778 communis
1344 2693 1395 2760 de

172 2806 310 2881 cretum,
335 2823 402 2886 quo
425 2802 598 2869 hominem
620 2811 714 2869 erant
729 2804 932 2884 honoraturi,
957 2803 1103 2889 quadam
1119 2802 1298 2869 sanctione.
1333 2802 1397 2868 Ita·

172 2924 240 2990 que
263 2904 457 2974 Newtonius
484 2929 522 2974 eo
549 2910 622 3004 ipso
645 2911 741 2990 scito,
765 2910 857 2996 quod
880 2916 929 2976 cst
951 2909 1132 2989 adiectum,
1162 2908 1255 2974 illam
1282 2909 1398 2980 confir·
1490 2894 1494 2901 ’

175 3011 353 3078 mationem
370 3014 530 3101 impertiri
547 3017 687 3102 putavit,
712 3020 825 3102 βοολόιν
844 3023 877 3083 et
891 3018 997 3103 δᾶμον,
1021 3016 1179 3101 aquibus
1196 3014 1396 3094 conceditur,

171 3112 353 3184 Nettiensis
387 3118 476 3187 demi
509 3143 578 3188 esse
609 3129 711 3189 ratus,
758 3122 853 3200 Quae
885 3123 996 3209 opinio
1028 3143 1132 3208 quam
1160 3142 1313 3208 perversa
1345 3121 1397 3200 sit,
1451 3203 1454 3211 ,
1512 3122 1515 3129 “

174 3243 275 3322 supra
296 3229 330 3312 p:
347 3228 387 3292 21
413 3225 724 3321 demonstravimus,
748 3229 808 3296 ubi
824 3233 1002 3296 statuimus
1021 3232 1133 3313 βοολᾶν
1156 3231 1209 3293 ναὶ
1233 3230 1329 3314 δᾶμον
1351 3228 1399 3292 in·
1431 3276 1434 3299 ,

174 3329 282 3418 tellegi
305 3353 402 3420 posse
424 3333 532 3400 solum
548 3333 765 3402 Rhodiorum.
801 3336 848 3401 At
862 3336 890 3402 si
904 3335 1006 3403 verba
1021 3338 1215 3421 κυρωθέντος
1237 3337 1323 3399 τοῦδε
1347 3343 1399 3400 τοῦ
1507 3414 1511 3422 ι

174 3440 371 3524 ψαρίσματος
395 3439 438 3506 ad
460 3440 669 3508 Rhodiorum
692 3445 820 3528 πόρωσιν
844 3449 991 3530 spectare
1019 3441 1201 3520 contendis,
1225 3445 1339 3506 manet
1361 3460 1400 3505 ea

178 3542 326 3626 offensio,
339 3552 460 3613 utnon
470 3545 652 3634 intellegas,
670 3547 839 3634 quomodo
847 3555 924 3634 post
938 3549 1020 3618 haec
1035 3547 1136 3616 verba
1151 3548 1243 3634 pergi
1257 3542 1401 3633 potuerit

177 3645 262 3724 boo<
287 3649 337 3718 οὖν
362 3658 415 3720 καὶ
444 3651 490 3726 εἰς
518 3657 567 3720 τόν
595 3659 672 3742 μετὰ
699 3665 793 3721 ταῦτα
822 3660 931 3742 χρόνον
956 3660 1072 3741 φανερὰ
1095 3652 1115 3742 ἦ
1138 3660 1176 3719 τὰ
1200 3655 1398 3728 δόξαντα...

179 3751 365 3844 αἰτησάσθω
390 3764 443 3825 τᾶν
472 3764 583 3845 βοολὰν
607 3765 732 3827 καὶτὸν
756 3764 852 3849 δᾶμον
876 3763 1024 3827 δεδόσθαι
1047 3759 1237 3834 Εἰνθαλίδαις
1260 3767 1319 3827 etc.

269 3865 407 3932 Accedit
429 3865 545 3932 tertius
568 3867 685 3934 titulus
708 3867 861 3934 Rhodius
896 3870 930 3936 0.
955 3870 984 3935 Ι.
1018 3870 1056 3935 G.
1082 3866 1193 3955 2525b
1213 3887 1244 3933 v.
1272 3869 1401 3932 12-16
1525 3902 1526 3907 1

177 3970 260 4056 τθχορ
277 3969 384 4058 ἀγαθᾷ
401 3973 553 4061 δεδόχθαι
568 3987 609 4059 τῷ
626 3987 716 4060 κοινῷ
732 3987 773 4061 τῷ
791 3972 1011 4042 ‘Alcetas-sat
1027 3971 1195 4040 Ἅλιαστᾶν
1210 3978 1402 4058 κορωθεισᾱν

178 4078 269 4148 τᾶνδε
302 4090 356 4144 τᾶν
389 4091 475 4166 τιμᾶν
508 4079 663 4148 ἐπαινέσαι
686 4085 739 4148 παὶ
771 4094 975 4170 στεφανῶσαι,
1009 4103 1075 4168 quo
1107 4088 1244 4168 apparet
1265 4102 1402 4148 coronas

178 4190 372 4270 ceterosque
400 4186 543 4254 honores
570 4187 613 4254 ab
641 4187 698 4254 illa
725 4189 880 4255 societate
908 4188 1039 4255 decreta
1067 4189 1250 4277 oportuisse
1273 4188 1401 4254 sanciri.

271 4291 414 4358 Gravior
437 4299 487 4358 est
503 4290 678 4380 ¹inscriptio
698 4294 877 4381 Carpathio
899 4296 976 4362 Rev.
1001 4296 1086 4362 oret.
1115 4295 1199 4360 1863
1221 4293 1264 4360 Π.
1287 4315 1320 4379 p.
1333 4295 1402 4358 471

168 4391 252 4481 (Bc.
274 4399 363 4466 Mos.
381 4419 414 4464 n.
440 4401 514 4479 364,
539 4399 760 4485 Diltcoberpcr
775 4403 843 4486 syll.
863 4423 896 4466 n.
914 4397 999 4486 331),
1024 4421 1111 4486 quae
1124 4400 1207 4465 haec
1223 4399 1402 4465 exhibet...

181 4495 381 4584 Βραιιοόντιος
394 4503 475 4570 εἶπε·
489 4505 593 4592 ἐπειδὴ
607 4503 799 4593 Μηνόιιριτος
811 4556 918 4587 ......
933 4504 1016 4581 ὅπως
1029 4504 1045 4571 ὁ
1056 4510 1154 4594 δᾶμος
1166 4504 1183 4570 ὁ
1195 4506 1404 4632 Βροκοονξὶων
